3382 5056
682 359 903 429 ..13-

313 578 367 643 De
389 577 492 643 leone
516 575 689 663 impetum
714 577 851 644 facturo
875 576 995 663 agitur
1019 576 1056 643 in
1080 600 1114 645 v.
1138 573 1317 643 241-246

462 685 481 748 ὃ
505 684 541 750 δέ
562 673 598 768 μ>
623 685 688 750 εἶδε
709 685 989 773 περιγληνώμενος
1012 687 1118 757 ὄσσοις

311 791 378 874 θὴρ
402 792 532 875 άμστος,
555 791 683 875 μακρὴν
706 790 743 856 δέ
765 779 838 874 περ’
863 786 1005 880 ἰγνάγγσιν
1027 792 1110 866 ίλιξε

216 949 217 954 ,
311 900 435 981 κέρκον,
459 899 548 987 ἄφαρ
571 895 608 964 δὲ
628 899 738 987 μάχης
759 898 928 982 ἐμνήσατο·
951 904 1015 969 πᾶς
1038 899 1073 962 dd
1095 894 1128 964 ol
1151 901 1253 983 αὐχήν

313 1005 423 1088 θυμοῦ
446 1005 635 1093 ἐνεπλήσθη,
657 1001 779 1087 πυρσαὶ
802 993 833 1070 d'
856 1007 989 1095 έῳριξαν
1012 1006 1134 1089 ἔθειραι

219 1106 285 1176 245
309 1109 502 1198 σκυζομένῳ,
524 1112 627 1195 κυρτὴ
651 1111 687 1178 δὲ
710 1112 800 1198 ῥάχις
822 1101 923 1200 γένετ’
945 1111 1021 1195 ἠΰτε
1042 1112 1147 1194 τόξον,

311 1219 476 1283 πάντοθεν
499 1213 685 1288 είλυθέντος
705 1207 771 1282 άπὸ
794 1217 934 1306 λαγόνας
955 1240 991 1283 τε
1013 1219 1067 1284 καί
1089 1219 1166 1293 ἰξόν.

207 1325 406 1410 Desumpta
429 1333 484 1390 est
506 1323 595 1390 haec
617 1323 796 1391 sententia
820 1344 865 1390 ex
894 1329 927 1407 Y,
964 1323 1024 1390 ubi
1052 1323 1090 1390 in
1118 1322 1390 1410 comparatione

207 1431 353 1497 affertur
377 1426 442 1496 168
465 1453 538 1516 sqq.

580 1538 658 1628 ἐάλη
681 1562 719 1605 τε
741 1541 859 1622 χανών,
882 1540 958 1622 περί
977 1527 1007 1604 τ’
1031 1540 1136 1629 ἀφρὸς
1158 1539 1294 1611 ὀδόντας

312 1647 459 1734 γίγνεται,
482 1646 515 1709 ἓν
538 1645 575 1711 δέ
597 1647 633 1711 τέ
654 1640 686 1711 ol
710 1647 824 1734 κραδίῃ
848 1648 947 1711 στένει
969 1646 1104 1730 ἄλκιμον
1128 1635 1220 1735 ἦτορ,

221 1747 287 1817 170
311 1754 392 1840 οὐρῇ
417 1753 452 1818 δὲ
474 1752 616 1836 πλευράς
638 1775 674 1819 τε
696 1751 752 1818 καὶ
775 1754 858 1836 ἰσχία
881 1754 1118 1837 ἀμφοτέρωθεν

311 1860 486 1943 μαστίεται,
509 1857 541 1924 ἑὲ
564 1848 594 1924 d'
614 1858 713 1924 αὐτὸν
736 1860 900 1943 ἐποτρύνει
922 1860 1134 1944 μαχέσασθαι.

314 1966 495 2051 γλαυκιόων
518 1954 548 2031 ό
571 1965 643 2037 ἰθὺς
665 1968 795 2050 φέρεται
816 1968 913 2050 μένει,
935 1968 1064 2049 ἥντινα
1085 1964 1191 2055 πέφνῃ

317 2072 444 2156 ἀνδρῶν
467 2075 487 2156 ἢ
510 2064 610 2145 αὐτὸς
632 2074 761 2157 φθίεται
783 2075 905 2161 πρώτῳ
929 2075 962 2138 ἕν
985 2073 1097 2162 ὁμίλῳ.

209 2177 348 2246 Similia
365 2178 459 2244 enim
476 2177 548 2244 irae
565 2192 818 2246 enumerantur
833 2179 922 2245 haec
937 2178 1057 2265 sigua:
1081 2175 1184 2246 Υ172
1200 2175 1394 2268 γλανκιόων

206 2323 251 2336 -
273 2283 344 2352 Th.
356 2281 423 2349 241
444 2282 735 2375 περιγληναίμενοςῖ
750 2288 868 2367 ὄσσοις,
898 2282 1005 2352 Υ170
1020 2307 1071 2371 sq.
1088 2276 1167 2376 στ’·ρῇ
1183 2287 1220 2353 δέ
1236 2282 1395 2374 πλευράς·

206 2417 243 2459 τε
265 2389 322 2459 καὶ
345 2387 436 2475 ἰσχία
460 2390 705 2481 ἀμφοτέρωθεν
725 2395 730 2475 Ι
748 2389 923 2476 μαστίεται
946 2429 989 2441 -
1012 2389 1081 2458 Th.
1098 2387 1164 2456 242
1184 2414 1235 2478 sq.
1255 2385 1395 2482 μακρὴν

209 2499 246 2568 δὲ
275 2488 353 2584 περ)
377 2494 522 2587 ἰγνέῃσιν
549 2499 638 2573 ἕλιξε
657 2499 662 2580 Ι
682 2496 807 2585 κέρκσνε
843 2518 914 2562 non
944 2496 1036 2563 circa
1063 2507 1179 2564 costas
1207 2519 1384 2583 coxasque

207 2606 268 2674 sed
292 2605 443 2693 poplites
467 2614 572 2692 poeta
595 2604 681 2671 lacit
704 2604 853 2671 caudam
878 2603 1021 2686 moveri,
1052 2600 1157 2671 Y171
1182 2604 1215 2672 ἑὲ
1237 2599 1268 2671 d’
1284 2593 1397 2672 αὐτὸν·

208 2714 381 2800 ἐποτρύνει
414 2712 628 2798 μαχέσασθαι
657 2750 696 2760 -
728 2711 797 2778 Th.
821 2708 887 2776 243
916 2714 1004 2803 ἄφαρ
1031 2711 1068 2779 δέ
1089 2707 1200 2802 μάχης
1221 2708 1395 2802 ἐμνήσατο·

208 2820 264 2902 (cl.
293 2828 329 2886 Ν
354 2816 416 2884 721
446 2841 497 2905 sq.
526 2817 678 2910 χάρμηςΙ
704 2825 816 2906 Τρῶες
848 2815 1102 2908 μιμνήσκοντο);
1144 2824 1186 2900 Υ,
1203 2815 1268 2885 168
1302 2815 1391 2908 έάλιγ

209 2926 466 3014 amplificatum
491 2947 568 2993 esse
591 2925 733 2993 videtur
756 2926 793 2991 in
817 2923 886 2994 Th.
909 2923 976 2991 245
999 2921 1098 3016 κυρτὴ
1115 2926 1152 2994 δὲ
1167 2923 1266 3015 ῥάχις
1282 2914 1395 3015 γένεθ’

210 3023 287 3122 ridor
308 3030 414 3108 τόξον.
461 3033 597 3099 Omnes
620 3031 784 3119 singulae
819 3031 1017 3099 sententiae
1045 3032 1124 3099 aliis
1153 3032 1271 3100 verbis
1298 3040 1395 3099 sunt.

210 3161 410 3226 expressae,
440 3149 622 3225 praeterea
649 3137 719 3206 alia
747 3138 879 3206 omissa
911 3149 997 3207 sunt
1028 3139 1080 3227 (Y
1099 3135 1172 3208 168.
1196 3136 1285 3223 169),
1313 3139 1395 3206 alia.

210 3245 330 3312 addita
353 3242 441 3326 (243.
466 3242 546 3328 244)
570 3267 615 3312 ex
642 3245 721 3313 aliis
746 3246 895 3313 Homeri
919 3236 1005 3313 locis
1029 3246 1126 3334 (vide
1153 3245 1194 3335 ἐξ
1224 3243 1246 3312 3
1274 3254 1311 3313 et
1336 3244 1384 3333 4).

210 3355 374 3422 Ceterum
410 3353 562 3420 similem
599 3353 636 3419 in
670 3353 815 3420 modum
851 3374 893 3420 ac
926 3354 983 3420 leo
1011 3354 1105 3441 apud
1128 3352 1321 3419 Homerum
1344 3351 1393 3418 inr

209 3459 316 3528 Scuto
341 3460 522 3528 Hesiodeo
545 3456 720 3526 386-391
747 3482 832 3548 aper
855 3459 1073 3529 describitur.
1133 3501 1140 3510 ·

318 3569 444 3635 Restat
472 3576 513 3633 ut
540 3589 604 3634 nos
632 3575 815 3634 vertamus
839 3567 883 3632 ad
907 3567 996 3634 duas
1019 3567 1099 3634 illas
1122 3565 1395 3649 similitudines„

213 3697 304 3761 quae
327 3672 520 3741 narrationi
544 3673 698 3741 insertae
722 3674 962 3760 compluribus
985 3674 1146 3741 versibus
1169 3671 1396 3759 perscriptae·

210 3791 295 3848 sunt
317 3777 451 3846 88-95
475 3790 511 3847 et
533 3776 720 3847 247-252.

319 3887 422 3954 Certe
446 3896 585 3953 constat
602 3888 800 3954 Homerum
818 3887 863 3954 ad
880 3887 1119 3953 narrationem
1135 3885 1391 3953 illustrandam·

211 3993 458 4061 adiumentum
494 3993 718 4060 arcessivisse
754 4016 823 4061 non
859 3993 1082 4062 levissimum
1110 4016 1155 4060 ex
1182 3991 1396 4062 artificiosis

211 4099 532 4186 comparationibus
544 4104 577 4182 ¹).
604 4100 672 4166 His
685 4100 779 4166 euim
792 4100 961 4167 adhibitis
974 4099 1092 4184 elficit,
1105 4108 1147 4168 ut
1157 4100 1389 4169 detineantur

323 4241 347 4329 ¹)
371 4247 450 4304 Vide
467 4248 659 4320 Passowium,
684 4248 723 4306 de
740 4249 1018 4326 comparationibus
1035 4250 1173 4319 Homeri,
1193 4248 1263 4312 diss.
1284 4248 1399 4307 Eerols

214 4335 298 4398 1852
321 4356 351 4413 p.
378 4336 391 4396 l
420 4353 464 4412 eq.
593 4422 597 4430 Ι
