3382 5056
685 329 907 401 ..37-

361 546 382 616 6
428 554 461 618 εἴ
474 575 531 619 κεν
554 539 634 618 δδοῦ
657 553 676 626 ζ
683 556 842 634 αχρεῒον
864 537 1024 638 οἷνήνηταί
1045 571 1097 627 τις
1120 535 1227 633 δδίτην

263 684 293 724 α
319 653 383 723 315
428 655 474 747 μή
498 659 531 742 μ’
555 660 601 724 δτι
624 661 681 725 νύν
702 658 857 740 κατέρυκε
880 651 1127 739 λιλαιόμενόν
1149 653 1215 741 περ
1238 642 1340 720 δδοῖο.

210 839 214 846 ’
336 848 437 939 23sq.
462 843 562 933 εύθύς
584 854 620 921 δέ
644 850 820 938 σταθμοὶ
842 846 1078 941 περιμήκεες
1101 839 1293 939 ἀγροιώτας

468 958 629 1045 δέδμηνθ’

274 1094 293 1132 ι
319 1061 440 1152 184sq.
1139 1060 1212 1146 περὶ
1237 1063 1264 1129 δ’
1288 1050 1388 1144 αύλδ

468 1169 601 1265 ύψηλὴ
627 1173 778 1266 δέδμητο.

339 1385 382 1454 30
472 1386 661 1481 πυροφόροι
682 1414 720 1457 τε
744 1387 833 1478 γύαι
856 1387 914 1456 καὶ
937 1386 1060 1455 ἀλωαὶ
1083 1382 1345 1477 δενδρήεσσαι

259 1497 295 1566 Ξ
316 1492 438 1582 122εη.
710 1489 782 1576 δι’λις
804 1495 842 1564 δέ
865 1492 897 1563 ολ
920 1486 1001 1586 ἦσαν
1025 1483 1189 1580 ύρουραι

469 1600 663 1690 πυροφόροι,
676 1600 798 1670 πολλοὶ
814 1601 852 1670 δέ
863 1607 994 1694 φυτῶν
1009 1599 1087 1670 ἔσαν
1103 1589 1264 1686 όρχατοι
1276 1589 1392 1691 ἀμφίς·

339 1815 382 1882 44
429 1819 573 1888 εἰσιδέειν
589 1838 596 1852 ·
612 1824 671 1887 τοῦ
695 1817 756 1910 γάρ
777 1843 820 1905 με
841 1816 898 1886 καὶ
921 1805 1041 1907 ἢγαγεν
1063 1811 1207 1882 ἐνθάδε
1230 1811 1329 1899 χρειώ

267 1927 294 1992 δ
316 1921 381 1990 312
425 1929 516 1994 τίπτε
540 1926 577 1994 δέ
599 1949 637 1995 σε
659 1921 756 2011 χρειιδ
779 1923 882 2014 δεῦρ’
905 1927 1015 2014 ἤγαγε,
1045 1911 1211 2013 Τηλέμαχ’
1233 1912 1333 2010 ἥρως.

337 2135 381 2205 53
428 2142 475 2212 ὥς
497 2165 544 2206 τοι
566 2147 638 2205 πᾶν
661 2143 680 2205 ὃ
702 2141 828 2212 θέλεις
850 2140 933 2222 αἶψα
954 2141 1069 2223 χρέος
1091 2139 1293 2205 ἐκτετέλεσται

301 2242 383 2328 «pbr
429 2254 486 2312 νῦν
510 2243 538 2312 δ’
562 2248 625 2333 ἤδη
648 2248 734 2313 τόδε
756 2246 908 2331 μακρὸν
931 2247 1076 2330 ἐέλδωρ
1100 2247 1310 2312 ἐκτετέλεσται.

338 2455 380 2523 65
426 2462 479 2542 ἂψ
503 2460 531 2524 δ’
555 2462 644 2543 ὄκνῳ
666 2461 736 2525 ποτὶ
758 2460 859 2544 χεῖλος
882 2461 1072 2542 ἐλάμβανε
1093 2459 1202 2541 μῦθον
1225 2458 1311 2524 ἰόντα

278 2561 381 2630 ν254
427 2567 495 2631 οὐδ’
512 2566 557 2650 ὅγ’
582 2567 705 2651 ἀληθέα
728 2569 801 2641 εἷπε,
823 2567 935 2630 πάλιν
958 2562 986 2630 δ’
1004 2565 1058 2648 ὅγε
1080 2565 1211 2640 λάζετο
1225 2566 1342 2647 μῦθον.

200 2687 347 2759 'Eadem
382 2691 499 2774 verba,
535 2711 626 2777 quae
660 2690 697 2756 in
732 2712 857 2758 versus
886 2717 905 2755 υ
927 2686 993 2756 254
1023 2689 1135 2756 altero
1162 2687 1387 2755 hemistichio

201 2797 389 2882 T'leguntur,
413 2797 520 2864 etiam
543 2797 580 2863 in
605 2799 630 2862 Δ
655 2794 720 2863 357
744 2807 942 2881 occurrunt,
965 2797 1026 2864 sed
1042 2796 1151 2884 paulo
1170 2795 1273 2862 aliter
1289 2815 1388 2862 usur-

206 2912 311 2990 pata3
346 2903 408 2970 illo
443 2904 537 2970 enim
572 2904 650 2971 loco
679 2906 904 2990 Agamemno
937 2926 1010 2971 non
1045 2912 1087 2971 nt
1119 2924 1227 2992 snpra
1263 2902 1388 2972 Ulixes

211 3010 319 3077 verba
354 3032 445 3098 qnae
480 3010 640 3077 dicturus
664 3021 740 3078 erat
762 3010 902 3088 retinet,
930 3010 993 3077 sed
1027 3030 1119 3098 quae
1150 3010 1223 3077 iam
1248 3009 1387 3076 dixerat

201 3116 313 3203 quasi
336 3118 494 3185 retrahit

337 3309 380 3378 67
427 3318 658 3399 ἀπερχομένου·
682 3315 818 3399 χαλεπόν
839 3316 866 3379 δ’
883 3317 993 3398 ἑτέρου
1014 3315 1090 3382 νόον
1105 3316 1253 3399 ἴδμεναι
1269 3313 1387 3397 ἀνδρός

255 3419 296 3482 Η
313 3416 379 3484 424
425 3423 505 3486 ἔνθα
529 3423 735 3505 διαγνῶναι
758 3423 907 3507 χαλεπῶς
929 3422 969 3506 ἦν
991 3422 1094 3506 ἀνδρα
1116 3423 1256 3501 ἕκαστον,

201 3523 253 3590 αἱ
270 3525 375 3593 etiam
394 3523 501 3592 Ρ252
525 3530 712 3612 ἀργαλέον
728 3530 764 3593 δέ
777 3531 837 3612 μοί
849 3530 911 3593 ἔστι
927 3527 1228 3594 διασκοπιᾶσθαι
1243 3528 1385 3592 ἕκαστον.

200 3648 282 3718 -Sed
306 3673 377 3717 non
401 3673 543 3739 prorsus
567 3653 714 3720 eandem
739 3651 954 3720 sententiam
977 3650 1014 3718 hi
1031 3652 1102 3718 duo
1117 3648 1186 3716 loci
1203 3649 1386 3718 Homerici

207 3757 390 3842 praebent,
426 3757 554 3845 quibus
589 3769 719 3846 agatur
753 3759 797 3826 de
833 3757 981 3826 alicuius
1015 3755 1170 3824 hominis
1197 3758 1310 3823 forma
1344 3778 1386 3824 ac

207 3862 299 3930 facie
332 3863 584 3950 dignoscendam
622 3867 665 3932 de
703 3865 822 3932 animo
853 3863 1098 3952 perspiciendo
1134 3863 1211 3950 agit
1234 3866 1385 3932 Alcman

200 3969 276 4057 mg.
294 3968 337 4035 42
360 3975 403 4044 τίς
427 3974 678 4046 Marianorum
701 3973 743 4057 ῥὰ
766 3975 852 4038 ἄλλω
875 3974 950 4040 νόον
972 3972 1090 4055 ἀνδρὸς
1112 3973 1244 4055 ἀνέσασα

337 4182 381 4250 68
426 4187 499 4258 τοὺς
522 4187 557 4252 δέ
579 4188 672 4259 κύνες
694 4189 882 4271 προσιόντας
904 4188 1091 4271 ἀπόπροθεν
1114 4188 1197 4270 αἶψ’
1223 4188 1386 4268 ἐνόησαν

300 4295 319 4366 ξ
338 4287 381 4356 29
428 4294 605 4377 ἐξαπίνης
629 4295 656 4358 δ’
679 4283 821 4378 Ὀδυσῆα
844 4295 926 4359 ἴδον
949 4295 1042 4366 κύνες
1064 4296 1279 4378 ὑλακόμωροι.
