3382 5056
308 1112 457 1180 Carmen
471 1111 552 1179 inde
569 1113 613 1180 ab
631 1114 786 1182 editione
804 1118 967 1181 Romana
984 1114 1174 1182 Zachariae
1187 1114 1373 1202 Calliergis

197 1221 359 1304 Ἡρακλῆς
381 1219 588 1303 λεόντοφόνος
610 1219 753 1286 inscribi
777 1220 931 1305 solitum,
955 1220 1050 1308 quod
1074 1229 1129 1288 est
1151 1220 1242 1289 inter
1260 1221 1377 1288 Theo·

200 1325 308 1393 critea
336 1324 551 1410 vigesimum
580 1326 753 1411 quintum,
790 1336 909 1398 utrum
938 1325 1073 1394 auctori
1103 1327 1374 1398 adscribendum

200 1443 294 1502 esset
328 1431 518 1498 Theocrito
558 1454 604 1500 an
643 1433 770 1520 ignoto
807 1433 913 1501 alicui
948 1443 1075 1522 poetae
1109 1433 1209 1522 epico
1246 1433 1376 1502 aetatis

199 1539 469 1620 Alexandrinae,
486 1540 731 1626 quaestionem
749 1540 867 1608 aviris
883 1539 996 1607 doctis
1004 1540 1031 1628 ¹)
1047 1541 1188 1628 saepius
1202 1540 1375 1629 discepta-

199 1657 272 1716 tam
305 1669 370 1714 nec
403 1655 522 1712 tamen
556 1647 601 1714 ad
633 1647 808 1734 liquidnm
831 1647 1031 1732 adductam,
1064 1669 1135 1714 non
1169 1646 1371 1715 universam

198 1754 317 1820 denuo
334 1773 571 1839 aggressurus
587 1776 675 1839 sum,
693 1755 753 1822 sed
767 1755 962 1840 symbolam
978 1754 1209 1841 quantumvis
1223 1775 1371 1842 parvam

198 1860 242 1928 ad
268 1881 346 1926 eam
370 1860 576 1927 solvendam
601 1862 795 1929 collaturus
818 1883 992 1949 quaerens
1008 1861 1172 1948 primurn,
1195 1861 1376 1948 quomodo

198 1966 236 2032 in
261 1976 423 2034 veterum
448 1978 633 2053 poetarum
657 1968 857 2036 imitatione
881 1977 1004 2036 auctor
1027 1967 1193 2037 carminis
1209 1976 1374 2036 versatus

198 2073 254 2156 sit,
283 2071 419 2157 deinde,
452 2095 540 2161 quas
565 2097 669 2142 voces
693 2086 755 2143 aut
779 2075 915 2162 primus
939 2084 1002 2143 aut
1025 2075 1123 2142 solus
1147 2073 1375 2162 usurpaverit

198 2189 261 2246 ant
283 2201 378 2247 nova
401 2181 547 2247 notione
570 2181 735 2249 induerit.

308 2361 328 2438 ¹)
352 2363 395 2421 Ut
417 2364 641 2424 recentissimas
666 2371 782 2422 tantum
806 2366 932 2422 afferam
961 2364 1243 2442 commentationes,
1270 2364 1373 2422 Theo·

198 2451 326 2510 criteam
350 2452 491 2510 carminis
516 2453 661 2528 originem
678 2452 879 2511 delendernnt
895 2452 1021 2510 Carolus
1036 2453 1129 2520 Prinz,
1151 2452 1200 2510 De
1215 2452 1372 2510 Theocriti

198 2558 225 2601 c.
250 2539 341 2598 XXV
371 2548 402 2599 et
428 2541 548 2600 Moschi
576 2560 602 2600 c.
625 2542 677 2610 IV,
707 2541 833 2600 Dissert.
861 2542 964 2618 philol.
988 2541 1120 2600 Vindob.
1146 2543 1205 2598 vol.
1228 2541 1255 2597 V
1285 2539 1383 2616 1895·

197 2649 227 2704 p·
252 2627 294 2690 68
318 2648 384 2707 sqq.
408 2637 439 2688 et
461 2630 505 2688 M.
520 2631 663 2699 Rannow‚
685 2630 733 2688 De
758 2631 924 2689 carminum
940 2631 1095 2689 Theocriti
1117 2629 1217 2688 XXIV
1234 2637 1265 2687 et
1287 2628 1373 2686 XXV

200 2719 437 2794 compositione,
476 2719 651 2778 Festschrift
683 2721 751 2797 Joh.
783 2721 902 2778 Vahlen
942 2719 1111 2796 gewidmet,
1151 2719 1250 2777 Berol.
1288 2715 1372 2778 1900

196 2827 226 2882 p.
256 2805 298 2868 98
327 2827 402 2885 sqq,
446 2827 464 2865 a
492 2809 656 2868 Theocrito
686 2809 871 2868 abiudicavit
897 2809 1058 2867 Udalricus
1092 2809 1132 2866 de
1164 2807 1373 2866 Wilamowitz·

106 2961 107 2964 Ἴ
195 2895 417 2967 Moellendorfl‚
439 2897 498 2955 Die
514 2898 767 2974 Textgeschichte
784 2898 839 2956 der
854 2897 1063 2974 griechischen
1078 2897 1240 2956 Bnlrolilrer
1255 2895 1376 2977 (Philol.

120 2978 127 2988 ”
194 2983 470 3062 Untersnchungen
492 2986 593 3044 XVIII
619 2981 718 3068 1906)
742 3006 771 3061 p.
798 2985 863 3047 218
886 3005 953 3063 sqq.
1070 3069 1071 3072 Ἴ
