3382 5056
794 324 1016 394 „22-

476 537 545 605 100
566 543 664 606 ἔνθα
689 540 750 626 μὲν
773 545 885 621 οὔτις
905 544 1025 633 έκηλος
1041 545 1242 632 ἀπειρεσέων
1257 569 1328 632 περ
1352 547 1497 613 ἐόντων

427 651 457 712 έ)
480 643 545 712 213
569 637 700 712 ἔνδόὔ
713 650 1100 735 τιςπρότεροςΔαναῶν
1111 651 1251 717 πολλῶν
1263 655 1495 739 περέόντων.

497 858 561 927 101
586 867 724 947 εἱστήκει
750 865 840 952 παρὰ
873 867 985 946 (ior-uir
1019 867 1112 955 ἀνὴρ
1148 872 1377 957 κεχρημένος
1399 876 1495 961 ἔργον

310 971 404 1044 ΙΗεε.
419 965 556 1054 Op.478
580 972 748 1058 αὐγάσεαι·
774 973 829 1036 σέο
854 960 884 1035 δ’
905 971 1001 1050 ἄλλος
1024 973 1118 1057 ἀνὴρ
1143 979 1383 1059 κεχρημένος
1405 981 1496 1046 ἔσται

316 1077 369 1158 (ci.
395 1073 497 1144 0386
517 1099 564 1161 sq.
589 1081 608 1160 ἢ
632 1079 705 1165 σέγε
730 1081 942 1162 μουνωθέντα
971 1068 1054 1164 παρ’
1070 1083 1168 1147 οἴεσιν
1192 1085 1336 1168 ἣπαρά
1360 1088 1495 1168 βουσὶν

585 1183 749 1270 ἄνδρες).

501 1395 560 1461 111
586 1389 752 1486 ιδμάριετν
774 1398 911 1483 βασιλῆι
937 1401 1174 1490 διερχομένην
1197 1408 1316 1492 μέγαν
1340 1394 1439 1490 ὄλβον

443 1513 473 1570 Z
496 1500 560 1568 392
584 1504 654 1570 εὖτε
680 1506 789 1584 πύλας
812 1509 899 1572 ἱκανε
922 1509 1176 1593 διερχόμενος
1199 1514 1297 1598 μέγα
1321 1515 1410 1580 ἄστυ.

496 1715 560 1784 112
584 1722 668 1784 ἔνθα
689 1721 742 1783 καὶ
757 1721 916 1809 ἅρρηκιόν
934 1746 999 1807 περ
1016 1725 1113 1806 ἔχων
1136 1725 1173 1788 ἐν
1196 1728 1367 1808 στήθεσι
1386 1731 1494 1813 θυμόν

439 1833 470 1891 ‚J
494 1822 560 1890 430
582 1827 701 1891 τόσσον
717 1824 797 1890 λαὸν
813 1828 959 1894 ἕπεσθαι
980 1819 1101 1912 ἔχοντ’
1126 1833 1141 1892 ἐ
1148 1856 1163 1894 ν
1179 1834 1371 1914 στήθεσιν
1383 1835 1493 1918 αὐδήν.

492 2037 556 2103 114
580 2041 788 2128 ἐκπάγλως
816 2040 992 2124 θαύμαζε
1014 2047 1104 2124 μόῶν
1126 2045 1201 2129 τόγε
1221 2047 1335 2129 μυρίον
1359 2051 1458 2125 ἔθνος
1468 2049 1493 2134 1)

316 2143 574 2228 κ437(ε1.λ560)
591 2151 797 2236 ἐκπάγλως
831 2152 953 2237 ἤχθηρε
977 2151 1158 2234 γυναικείας
1182 2149 1236 2215 διὰ
1259 2149 1389 2230 florida.

467 2358 529 2426 126
557 2368 643 2434 ταῖς
672 2365 713 2430 δὲ
748 2359 965 2451 τριηκόσιοι
993 2368 1102 2446 ιάῦροι
1128 2366 1239 2448 σονάμ’
1262 2367 1492 2450 ἐστιχόωντο

317 2464 622 2534 3516=680=733
632 2477 712 2540 τοῖς
727 2471 747 2535 δ
753 2468 769 2537 ὲ
778 2473 985 2554 τριήκοντα
995 2469 1161 2558 γλαφυραὶ
1173 2469 1244 2542 νέες
1254 2474 1331 2536 ἐστι
1338 2475 1491 2556 χόωντο.

496 2663 555 2730 131
583 2667 742 2753 ἀργησταί,
766 2672 876 2728 πᾶσιν
901 2667 939 2728 δὲ
961 2668 1198 2748 μετέπρεπον
1220 2669 1422 2733 εἰλιπόδεσσιν

439 2774 469 2834 B
491 2767 557 2834 579
581 2770 729 2851 κυδιόων,
766 2779 879 2837 πᾶσιν
902 2770 943 2838 δὲ
966 2771 1208 2854 μετέπρεπεν
1230 2763 1398 2861 ἡρώεσσιν.

314 2879 404 2946 (lum
415 2878 509 2966 apud
518 2880 714 2944 Homerum
723 2879 946 2964 Agamemno
957 2879 1081 2946 ceteris
1089 2879 1308 2965 praestitisse
1322 2893 1490 2966 narretur,

314 2986 420 3053 huius
450 2985 615 3052 carminis
645 3000 749 3073 poeta
777 2987 856 3052 illos
886 2986 1070 3054 duodecim
1097 2997 1215 3054 tauros
1240 2987 1332 3054 inter
1356 3001 1490 3055 ceteros

315 3095 527 3160 excellentes
553 3095 608 3160 his
634 3093 748 3160 verbis
772 3095 848 3161 iure
873 3095 990 3178 potuit
1013 3094 1224 3178 significare.

425 3315 448 3390 ¹)
475 3315 585 3374 Versus
619 3312 679 3373 114
710 3315 865 3389 quomodo
895 3314 1073 3370 'scribendus
1108 3314 1155 3380 sit,
1193 3315 1379 3388 disceptatur
1414 3316 1491 3371 inter

314 3405 392 3464 viros
428 3404 543 3463 doctos·
591 3405 741 3462 Praebent
773 3403 892 3478 plurimi
928 3403 1051 3461 codices
1087 3403 1186 3479 θεῶν,
1227 3403 1353 3463 DCall.
1387 3403 1488 3483 p'ouiw

313 3489 405 3558 ἕδνον
429 3494 517 3552 codd.
541 3493 612 3550 sam.
638 3495 677 3560 tt),
700 3485 792 3577 ἔργον
809 3491 866 3556 ΜΙ,
890 3475 1028 3567 invoca
1053 3493 1092 3563 th.
1109 3511 1135 3548 e.
1153 3491 1227 3548 Call.
1244 3492 1332 3566 lunt.)
1355 3493 1488 3568 Cmarg.

314 3583 436 3641 Falsum
461 3591 563 3641 autem
580 3581 654 3639 mihi
670 3581 788 3639 videtur
803 3600 871 3639 esse
888 3582 978 3642 θεῶν
991 3624 1018 3639 ..
1042 3578 1142 3660 ἕδνον,
1155 3581 1227 3656 quia
1238 3599 1360 3656 gregem
1373 3582 1488 3657 Augiae

314 3689 375 3728 non
399 3672 534 3741 deornm,
558 3673 613 3730 sed
636 3671 723 3729 unius
747 3671 797 3728 dei
821 3671 934 3728 donum
958 3690 1025 3730 esse
1050 3689 1087 3728 ex
1110 3691 1135 3727 v.
1163 3669 1223 3729 118
1241 3678 1377 3746 apparet.
1424 3671 1490 3728 Nec

313 3777 385 3818 vero
410 3761 617 3819 coniecturam
634 3761 859 3827 Wilamowitzii‚
882 3761 933 3835 qni
957 3762 996 3818 ad
1020 3769 1136 3819 rectum
1158 3759 1488 3817 sensnmeffieiendum

313 3867 369 3924 pro
393 3850 482 3911 θεῶν
505 3851 657 3909 substituit
681 3850 860 3926 singularem
885 3851 975 3918 θεοῦ,
999 3851 1144 3926 amplecti
1160 3863 1298 3924 possum
1325 3851 1382 3906 hac
1407 3850 1488 3906 enim

314 3939 482 3996 mutatione
511 3939 551 4007 id,
580 3941 661 4015 quod
690 3941 719 3996 in
747 3938 807 3998 118
844 3940 966 3996 demum
1003 3946 1150 4014 narratur,
1188 3938 1379 4013 antecipatur
1407 3939 1489 3995 haud

314 4030 405 4086 bene.
452 4027 605 4095 Quocirca
631 4028 838 4086 Hermnunum
866 4035 987 4085 secutus
1023 4027 1216 4085 scribendum
1253 4045 1365 4085 censeo
1400 4025 1489 4106 βοῶν

312 4109 390 4222 τόγε
411 4112 528 4199 μυρίον
551 4115 657 4193 ἔθνος,
682 4117 859 4192 praesertim
883 4135 952 4175 cum
977 4118 1006 4174 in
1031 4138 1056 4180 v.
1075 4115 1116 4176 88
1139 4123 1236 4174 exstet
1251 4117 1388 4174 similiter
1409 4108 1489 4197 βόες

312 4205 404 4288 μαλα
426 4203 543 4289 μυρίαι.
589 4205 707 4263 Eodem
736 4214 839 4264 antem
863 4207 955 4265 modo
980 4207 1117 4264 adhibita
1140 4224 1196 4263 vox
1216 4204 1315 4280 ἔθνος
1335 4207 1442 4281 legitur
1458 4207 1488 4262 in

312 4317 339 4354 v.
367 4295 437 4364 185,
461 4296 542 4371 apud
567 4295 733 4352 Homerum
757 4297 788 4356 B
812 4294 863 4355 87.
888 4293 961 4356 459.
987 4295 1061 4357 469.
1089 4293 1206 4358 0691.
