3382 5056
633 323 854 393 -61—

290 537 334 608 80
356 539 494 610 ἕνόοθεν
516 532 600 629 ἦσαν

356 647 493 716 ἔνδοθεν
516 640 571 737 ἦεν
593 651 614 716 ὃ
635 645 710 715 293.

292 841 334 910 81
358 831 385 934 ᾧ
409 844 525 912 τεκαὶ
549 843 623 912 οὐκί

357 955 396 1032 ὅς
417 977 455 1019 τε
477 954 531 1018 καὶ
554 942 627 1018 οὖκί
650 957 678 1021 O
702 948 773 1019 137.

293 1144 338 1213 88
361 1149 456 1215 ἄλλαι
479 1150 526 1213 ἐπ’
551 1150 662 1220 ἄλλοις

360 1255 457 1335 ἄλλος
480 1254 530 1322 ἐπ’
554 1257 643 1344 ἄλλῳ
668 1255 870 1324 Antimach.
892 1252 1005 1322 Theb.
1029 1254 1095 1340 frg.
1121 1251 1171 1320 51.

272 1446 339 1516 107
362 1444 530 1540 θηλειᾶων

361 1560 578 1650 θηλυτεράων
601 1561 618 1622 λ
641 1555 715 1624 356.
741 1573 771 1646 ψ
794 1554 867 1625 166.

276 1750 339 1818 147
365 1744 448 1820 ὦσεν
472 1744 595 1820 ὀπίσσω

363 1851 448 1928 ὦσεν
472 1849 613 1929 ὄπισθεν
639 1866 667 1928 0
689 1858 763 1928 694.

277 2053 341 2122 149
365 2058 468 2144 ὀρθὸς
492 2059 604 2148 ἀνέστη

363 2165 467 2250 ὀρθὸς
490 2161 634 2243 ἀναστάς
660 2162 764 2231 5211.

275 2319 339 2389 168
362 2327 562 2412 ἀγροιώταις
585 2324 627 2391 cf.
657 2348 690 2391 v.
713 2321 765 2390 23.

274 2479 339 2550 171
366 2484 404 2568 ἠὲ
427 2487 586 2589 Μενήνην

366 2595 440 2658 οὔτε
463 2595 622 2683 Μυκήνης
645 2618 671 2683 φ
693 2587 767 2657 108.

278 2784 344 2853 194
367 2784 505 2878 ἐνόησας

366 2892 613 2981 ώΜωΜ

278 3086 346 3158 220
368 3093 440 3164 δέος
463 3086 547 3177 εἶχεν
570 3095 706 3160 ἕκαστον

368 3201 441 3272 δέος
464 3192 550 3266 εἷλεν
573 3203 711 3268 ἕκαστον
735 3201 768 3268 h.
793 3203 859 3288 Ap.
885 3198 958 3268 447.

280 3391 346 3461 238
368 3397 537 3482 προλαλλον

370 3501 545 3589 προΐαλλεν
571 3507 601 3570 Θ
623 3500 697 3569 365.
723 3505 765 3572 cf.
790 3527 821 3591 p.
846 3500 897 3571 58.

282 3695 348 3764 239
372 3700 549 3784 ἀνεμώλιος
573 3703 682 3779 οὕτως

372 3807 548 3891 ἀνεμώλιον
572 3810 680 3879 οὕτως
705 3814 736 3872 Φ
758 3803 834 3873 474.

487 4052 507 4140 ξ
530 4051 561 4123 3.
595 4056 653 4119 De
676 4074 872 4119 versuum
895 4049 1042 4118 initiis.

284 4193 404 4265 Etiam
439 4195 541 4262 initia
574 4195 746 4282 congessi,
779 4217 870 4282 quae
898 4195 968 4262 duo
996 4215 1121 4261 versus
1148 4203 1261 4262 metra
1289 4203 1352 4261 aut

175 4299 296 4368 minus
330 4302 624 4388 complectuntur.
672 4302 761 4370 Cum
794 4324 878 4370 vero
911 4323 976 4368 nec
1008 4311 1082 4369 tam
1114 4301 1217 4368 facile
1245 4322 1352 4387 quam
