3382 5056
663 310 883 378 ..89-

444 527 606 616 βοοὺλοος
650 523 716 592 108
762 518 862 610 (ἅπαξ
885 523 1062 610 εἰρημένον)

184 657 306 723 bilbili.
354 654 483 721 Forma
517 651 710 740 repetenda
738 673 759 717 a
792 648 1015 716 nominativo
1045 647 1084 712 in
1117 671 1182 725 -ος
1209 651 1362 712 exeunte

184 763 253 830 hoc
277 763 352 830 solo
375 762 453 828 loco
477 768 595 827 exstat
618 781 730 846 aeque
754 779 796 824 ac
817 754 962 842 βόαυλον
992 752 1239 820 tantummodo
1268 751 1362 837 apud

185 870 349 957 Apollon.
401 871 486 953 Arg.
509 868 562 932 IlI
591 862 688 948 1288,
716 862 876 950 βοαύλιον
905 862 1000 949 apud
1030 860 1139 948 Orph.
1168 861 1251 946 Arg.
1283 854 1361 928 440:

184 976 369 1062 significat
407 985 526 1042 autem
565 973 660 1040 idem
700 993 741 1039 ac
778 974 1006 1056 βούσταθμον,
1049 970 1234 1054 (tuicionem
1282 965 1363 1032 vide

190 1078 410 1152 P011.1249.

461 1206 606 1292 ζοχρεῖον
663 1203 683 1271 6
731 1197 835 1294 (ἅπαξ
858 1202 1040 1295 εἰρημένον)

188 1315 296 1401 gloss.
327 1302 409 1403 ἆγον
424 1310 606 1403 ιηρήζοντο
625 1313 723 1378 valde
746 1312 967 1398 indigentem.
1026 1311 1205 1375 Homerus
1233 1307 1364 1393 aliique

187 1433 316 1509 poetae
340 1420 430 1507 epici
458 1420 629 1507 praebent
663 1419 812 1486 formam
847 1416 998 1508 ζαχρηής.
1047 1416 1165 1482 Huius
1199 1413 1363 1481 vocabuli

187 1528 386 1616 praefixum
404 1527 595 1594 ἐπιταεικόν
606 1526 679 1594 vim
698 1527 845 1593 eandem
863 1525 972 1591 habet
985 1547 1091 1613 quam
1107 1523 1200 1612 μέγα,
1225 1520 1365 1606 ἰσχυρόν,

186 1637 281 1718 πολύ,
307 1633 376 1701 nisi
399 1634 583 1701 dialectice
608 1633 789 1719 significat
817 1635 885 1705 ὀιά;
920 1634 1031 1699 altera
1060 1653 1141 1718 pars
1168 1635 1276 1720 χρεῖος
1303 1652 1364 1716 per

190 1765 229 1810 se
264 1753 319 1809 est
353 1741 578 1825 adiectivum,
613 1741 707 1826 quod
737 1741 860 1806 eadem
889 1749 995 1827 atque
1024 1739 1092 1805 hoc
1118 1738 1197 1805 loco
1222 1738 1365 1824 ζαχρεῖος

189 1849 336 1917 notione
359 1858 571 1934 usurpatum
595 1847 777 1914 invenitur
801 1846 896 1934 apud
921 1833 1055 1934 Eurip(
1071 1848 1172 1913 Herc.
1189 1841 1286 1911 1337.

429 1988 580 2080 νεορειήν
625 1986 690 2054 213
737 1982 839 2078 (ἅπαξ
861 1987 1045 2078 εἰρημένον)

189 2100 297 2185 gloss,
320 2095 436 2183 νευράν
469 2119 622 2165 nervum.
672 2100 752 2164 Hoc
787 2098 1000 2165 vocabulum
1037 2119 1081 2164 ex
1113 2099 1225 2163 forma
1252 2092 1367 2183 νευράν

189 2205 276 2291 quin
300 2204 532 2292 productione
555 2213 673 2271 ortum
697 2203 744 2271 sit
773 2204 861 2270 mihi
889 2204 1037 2271 dubium
1064 2225 1135 2269 non
1165 2213 1229 2270 est.
1275 2202 1367 2271 Vide

190 2311 411 2382 Lobeckium
421 2315 452 2393 ¹),
476 2311 537 2398 qui
561 2308 704 2402 νεορειήν
720 2311 931 2390 femininum
949 2311 1115 2378 adiectivi
1132 2309 1276 2395 νεύρειος
1291 2329 1369 2375 esse

191 2439 257 2486 suo
281 2418 356 2484 iure
380 2439 517 2502 negans
541 2439 585 2484 ex
607 2415 725 2502 νευράν
748 2418 961 2504 productum
991 2418 1080 2484 vult.
1126 2415 1229 2483 Talia
1258 2416 1367 2484 verba

191 2547 376 2614 paragoge
403 2524 645 2591 Alexandrina
678 2533 796 2591 aetate
831 2523 962 2618 usitata
997 2523 1106 2591 luisse
1134 2523 1302 2591 videntur
1329 2523 1367 2589 in

192 2632 410 2700 carminibus
434 2632 553 2718 epicis.

472 2781 589 2864 πισῇας
630 2773 694 2839 201
742 2766 854 2861 (ἅπαξ
876 2773 1060 2862 εἰρημένον)

187 2881 402 2968 palustrium
436 2883 615 2968 regionum
650 2883 781 2947 z'ncolas
813 2891 940 2969 poetae
980 2883 1249 2950 adscribendum
1292 2905 1369 2950 esse

191 2997 292 3075 puto;
331 2988 521 3075 repetitum
556 2998 610 3054 est
636 2992 743 3061 πισεύς
766 3011 787 3056 a
811 3011 887 3058 voc.
911 2997 1002 3061 πῖσος
1025 2991 1143 3072 (Hom.
1163 2987 1236 3057 Y9.
1262 2990 1280 3071 ζ
1293 2987 1367 3057 124.

192 3095 225 3162 h.
243 3099 329 3164 Ven.
341 3092 393 3164 99.
413 3096 523 3182 Apoll.
540 3095 625 3181 Arg.
642 3098 658 3160 1
677 3091 774 3161 1266.
791 3093 946 3162 1111218
963 3106 999 3163 et
1013 3097 1051 3163 in
1067 3097 1191 3185 schol.)
1207 3097 1369 3164 similiter

193 3223 235 3268 ac
263 3202 401 3282 πεδιεύς
423 3203 542 3288 (Diog.
565 3199 795 3285 Laert.158)
819 3225 839 3269 a
864 3203 991 3286 πεδίον,
1017 3203 1162 3284 credaris·
1185 3226 1206 3270 a
1230 3207 1370 3286 στάδιον;

193 3307 275 3375 vide
300 3309 519 3376 Meinekium
545 3310 588 3375 ad
613 3309 645 3376 h.
662 3312 684 3376 l.

431 3443 591 3541 ὦρογμοῖο
638 3449 702 3516 217
750 3445 851 3536 (ἅπαξ
872 3452 1052 3539 εἰρημένον)

194 3559 363 3633 ululatus,
402 3561 560 3642 ei'ulatus,
590 3581 661 3626 non
691 3549 856 3648 ὦροθμοῖο
890 3561 1113 3628 scribendum
1148 3582 1225 3629 esse
1252 3584 1371 3628 recen-

194 3666 302 3732 tiores
331 3666 483 3732 editores
512 3667 747 3735 consentiunt.
794 3667 1004 3734 Adhibitum
1037 3678 1091 3736 est
1119 3690 1195 3737 voc.
1225 3658 1371 3758 ιῦρυγμός

194 3793 259 3860 pro
293 3762 397 3863 ῶρυγή
431 3773 486 3855 (cl.
523 3775 608 3841 Poll.
635 3777 669 3841 V
701 3770 753 3858 86,
793 3775 851 3860 qui
891 3775 978 3842 illud
1016 3775 1157 3863 proprie
1188 3775 1233 3842 ad
1268 3776 1370 3862 lupos

194 3879 372 3967 pertinere
398 3877 505 3966 dicit),
526 3902 638 3967 aeque
665 3903 706 3947 ac
726 3890 865 3967 praeter
878 3873 1016 3972 ὀλολυγὴ
1039 3882 1222 3950 invenitur
1243 3883 1372 3971 ὀλολυγ-

192 3983 259 4072 μός
298 3986 392 4073 apud
427 3987 551 4054 Aeseh.
591 3986 685 4075 Sept.
710 3984 788 4071 26ος
829 3990 958 4075 Agam.
990 3985 1068 4073 5813
1107 3989 1262 4078 Choeph.
1295 3986 1370 4058 381.

194 4092 321 4179 Eurip.
346 4092 410 4161 Or:
430 4089 528 4161 1137.

191 4219 410 4230 ——no-—nn———n—

309 4275 332 4352 ¹)
355 4277 483 4352 Paralip.
507 4280 722 4353 grammaticae
747 4279 886 4339 Graecae
909 4300 939 4356 p.
956 4279 1031 4341 354.
