3382 5056
453 1065 489 1133 u.
522 1066 573 1135 De
596 1065 825 1153 singulorum
850 1078 1021 1132 versuum
1046 1065 1325 1148 compositione.

407 1262 577 1348 Singulos
602 1282 724 1327 versus
749 1281 829 1326 cum
853 1258 1015 1326 similiter
1039 1269 1145 1346 atque
1170 1261 1356 1349 ampliores
1378 1264 1474 1329 locos

301 1377 405 1458 poeta
436 1367 682 1453 composuerit,
718 1387 789 1432 non
818 1365 1014 1432 secundum
1038 1367 1203 1434 carminis
1227 1369 1387 1436 ordinem
1411 1369 1472 1435 sed

300 1476 338 1542 in
362 1495 493 1562 genera
518 1473 677 1560 digestos
701 1473 896 1540 secundum
920 1493 1007 1557 eam,
1031 1496 1101 1560 qua
1124 1474 1272 1561 quisque
1288 1477 1402 1542 lactus
1420 1476 1474 1560 sit,

300 1581 474 1648 rationem
498 1581 623 1648 aflerre
648 1579 975 1647 commodissimum
999 1580 1147 1647 videtur.

627 1850 645 1937 ξ
672 1848 700 1915 1.
738 1851 796 1914 De
820 1850 1140 1918 substitutione.

410 1998 518 2060 Poeta
553 1993 743 2058 nonnullos
779 2013 902 2059 versus
939 2014 980 2058 ea
1013 1993 1150 2060 ratione
1189 1997 1395 2082 composuit,
1436 2009 1475 2063 ut

296 2100 503 2190 communia
527 2119 607 2165 cum
631 2099 736 2165 certis
760 2099 972 2185 quibusdam
993 2099 1192 2167 Homericis
1216 2101 1341 2170 aliisve
1366 2103 1474 2189 epicis

300 2209 436 2294 aliquot
470 2215 583 2272 metra
619 2207 675 2272 vel
711 2205 850 2292 integra
886 2207 944 2272 vel
971 2207 1118 2291 paulum
1145 2217 1322 2276 mutatata
1351 2209 1474 2276 eadem

301 2336 424 2381 versus
440 2314 522 2380 sede
538 2313 714 2400 praebeat,
730 2312 767 2378 in
784 2315 902 2380 locum
916 2335 998 2380 vero
1015 2313 1231 2400 reliquarum
1244 2337 1372 2383 vocum
1385 2317 1473 2383 alias

301 2421 495 2489 substituat
521 2420 597 2487 sive
621 2442 666 2505 ex
693 2420 771 2487 aliis
795 2420 975 2507 epicorum
999 2422 1196 2488 carminum
1221 2423 1307 2488 locis
1330 2423 1407 2490 sive
1431 2424 1474 2490 de

300 2550 366 2596 suo
401 2523 530 2616 petitas
565 2528 774 2614 plerumque
809 2528 914 2617 plane
953 2531 1087 2594 novum
1125 2549 1268 2594 sensum
1308 2530 1474 2597 efficiens.

301 2637 371 2706 Sed
407 2656 530 2704 versus
565 2634 600 2718 ii,
635 2656 785 2721 quorum
819 2642 938 2719 partes
968 2633 1180 2698 Homericae
1214 2644 1299 2700 sunt
1333 2635 1472 2702 duobus

302 2743 484 2810 vocabulis
512 2741 675 2825 minores,
711 2763 791 2808 cum
820 2740 915 2806 haud
944 2738 1016 2805 s'cio
1042 2761 1087 2804 an
1111 2740 1209 2806 nulla
1231 2741 1313 2806 inde
1337 2741 1473 2807 utilitas

301 2851 338 2916 in
374 2849 579 2916 universum
614 2849 657 2914 ad
691 2849 783 2914 hanc
821 2845 1066 2934 quaestionem
1105 2847 1286 2931 redundet,
1326 2857 1366 2914 ut
1403 2847 1474 2914 huc

301 2956 546 3043 reciperem'a
580 2978 638 3022 me
672 2957 861 3043 impetrare
896 2977 967 3022 non
1001 2954 1101 3041 potui
1111 2953 1144 3042 ¹).
1197 2955 1295 3039 Quas
1330 2955 1360 3021 si
1396 2954 1473 3040 quis

302 3063 485 3147 desideret,
520 3062 685 3152 inspiciat
711 3063 820 3130 huius
852 3062 1110 3131 dissertationis
1135 3072 1241 3150 caput
1264 3065 1329 3129 III.
1377 3062 1476 3129 Com-

302 3172 420 3256 plures
444 3180 563 3238 autem
590 3192 711 3237 versus
736 3170 945 3237 Homericos
970 3171 1027 3238 vel
1051 3171 1201 3237 aliorum
1225 3171 1406 3255 epicorum
1431 3170 1476 3234 ad

303 3279 455 3345 eundem
480 3300 627 3347 ¹versum
656 3277 821 3344 Herculis
857 3276 1036 3364 adscripsi,
1070 3275 1100 3340 si
1136 3276 1195 3360 qui
1231 3276 1355 3341 eodem
1390 3275 1475 3357 iure,

303 3387 396 3474 quod
432 3386 522 3452 alius
553 3385 659 3452 aliam
687 3393 825 3472 partem
854 3404 977 3450 versus
1001 3379 1203 3448 Theocritei
1221 3382 1377 3468 praebet
1403 3406 1475 3450 non

302 3494 419 3560 minus
463 3494 631 3581 amplam,
676 3500 802 3577 poetae
847 3490 1009 3577 exemplo
1056 3487 1165 3554 luisse
1207 3487 1276 3553 dici
1314 3501 1473 3575 possunt.

303 3601 476 3684 Quotiens
511 3600 708 3684 complures
737 3617 859 3662 versus
884 3595 1031 3661 Homeri
1048 3595 1101 3661 al.
1134 3595 1255 3660 eadem
1287 3617 1377 3681 quae
1408 3597 1477 3664 hoc.

303 3729 514 3737 ———-———-—-

414 3785 437 3861 ¹)
460 3786 577 3842 Paucos
605 3791 708 3840 tamen
736 3798 852 3847 versus,
883 3780 992 3856 quibus
1027 3798 1059 3837 re
1091 3797 1162 3836 vera
1196 3799 1256 3838 non
1291 3782 1347 3838 nisi
1383 3801 1473 3842 unum

303 3875 429 3931 verbum
453 3873 583 3948 amplius
607 3890 676 3929 cum
700 3869 790 3927 certis
813 3869 949 3926 versibus
972 3869 1100 3926 Homeri
1124 3869 1161 3926 al.
1185 3869 1223 3927 sit
1246 3888 1418 3942 commune,
1445 3873 1476 3930 in

304 3966 362 4020 hoc
386 3969 479 4037 caput
501 3968 574 4036 puto
599 3962 758 4036 quadrare,
782 3976 852 4015 cum
867 3958 949 4014 iuxta
964 3959 1038 4016 illud
1054 3976 1146 4016 unum
1162 3961 1344 4017 vocabulum
1361 3963 1477 4036 legatur

300 4069 360 4108 vox
383 4069 453 4108 cum
477 4068 523 4116 ea,
547 4049 681 4124 quaein
705 4048 870 4123 exemplari
894 4048 1005 4105 eadem
1028 4049 1102 4105 sede
1127 4056 1231 4116 exstat,
1257 4049 1357 4125 aliquo
1383 4051 1474 4108 modo

303 4139 475 4203 coniuncta,
499 4138 561 4195 sive
586 4138 668 4212 quod
691 4137 774 4194 idem
796 4138 878 4194 valet
901 4135 941 4212 (v.
960 4135 1011 4197 79.
1038 4136 1109 4198 176.
1132 4135 1210 4214 204)
1234 4137 1296 4195 sive
1313 4138 1395 4214 qnod
1411 4157 1475 4196 rem

304 4227 453 4304 significat
480 4226 610 4284 similem
639 4224 678 4300 (v.
707 4224 778 4286 114.
805 4223 876 4286 135.
903 4221 980 4308 137)
1008 4227 1070 4284 sive
1099 4226 1181 4301 quod
1210 4226 1319 4285 iisdem
1354 4227 1475 4301 syllabis

301 4316 479 4372 terminatur
502 4310 543 4394 (v.
568 4313 619 4375 21.
648 4313 719 4375 149.
746 4315 817 4379 170.
843 4313 929 4391 217).
