3382 5056
651 386 874 454 ..45-

647 593 761 691 κυρτή
785 601 828 668 δὲ
856 599 965 690 ῥάχις
988 604 1101 690 γένετ’
1125 595 1216 690 ἠύτε
1237 600 1353 678 τόξον

772 709 852 799 ἐάλη
1037 707 1131 796 (vide
1146 731 1226 796 pag.
1242 705 1308 796 13).

479 1079 498 1168 ξ
522 1077 553 1148 6.
590 1083 649 1147 De
674 1081 1048 1149 contaminatione.

285 1239 463 1324 Quoniam
480 1242 524 1307 de
540 1239 584 1307 iis
601 1242 766 1309 carminis
783 1241 895 1309 nostri
910 1241 1071 1310 versibus
1083 1241 1355 1330 disputavimus,

173 1346 239 1433 qui
263 1345 415 1433 singulis
439 1347 611 1434 exemplis
636 1348 837 1438 Homericis
855 1358 950 1416 certa
966 1347 1102 1416 ratione
1117 1348 1265 1416 mutatis
1281 1348 1354 1415 sint

175 1453 373 1540 compositi,
405 1463 518 1521 restat
550 1462 591 1521 ut
624 1455 846 1542 inquiramus
875 1455 912 1520 in
942 1477 984 1522 ea
1007 1456 1178 1543 exempla,
1201 1476 1353 1543 quorum

174 1557 320 1644 singula
348 1561 462 1627 frusta
490 1560 640 1647 scriptor
669 1583 713 1627 ex
742 1561 892 1629 diversis
919 1561 1007 1629 locis
1036 1562 1144 1650 epicis
1172 1563 1284 1649 petita
1309 1562 1354 1628 ad

177 1687 285 1732 usum
319 1688 425 1734 suum
460 1669 692 1736 transtulerit.
737 1669 852 1755 Saepe
888 1669 983 1735 enim
1018 1690 1144 1737 versus
1173 1692 1217 1735 ex
1245 1670 1355 1735 hemi-

177 1771 314 1839 stichiis
326 1773 569 1841 minoribusve
582 1795 751 1844 versuum
768 1775 949 1862 particulis
966 1777 1106 1843 duabus·
1120 1776 1178 1842 vel
1192 1776 1353 1863 pluribus

175 1878 343 1945 videntur
358 1881 590 1949 contaminati
611 1903 697 1950 esse.
738 1883 898 1969 Cumque
914 1883 1108 1970 plurimum
1124 1883 1352 1949 tribuendum

176 1985 225 2051 sit
248 1986 278 2051 ei
303 1987 511 2073 quaestioni,
535 2011 606 2075 quo
630 2011 753 2056 versus
776 1991 854 2056 loco
879 1990 1074 2076 particulae
1097 2012 1117 2056 e
1141 1989 1356 2057 carminibus

178 2091 289 2178 epicis
314 2095 523 2181 desumptae
546 2105 740 2180 occurrant,
765 2095 832 2163 nisi
857 2097 946 2165 tales
964 2097 1117 2185 exempli
1134 2118 1268 2176 versuS,
1293 2095 1354 2184 qui

177 2199 287 2265 verba
317 2201 355 2266 in
388 2212 509 2268 nostro
542 2204 698 2270 carmine
734 2204 911 2270 exstantia
940 2226 1084 2290 prorsus
1115 2205 1239 2271 eadem
1272 2204 1355 2270 sede

176 2306 381 2392 praebeant,
399 2329 480 2374 cum
496 2330 541 2374 ex
556 2310 601 2376 iis
617 2310 733 2377 solum
749 2319 854 2397 poeta
870 2332 996 2378 versus
1013 2333 1097 2377 suos
1114 2311 1357 2378 contaminare

176 2416 341 2502 potuerit,
376 2416 412 2482 in
442 2418 508 2483 hoc
540 2417 654 2505 capite
683 2418 855 2504 respicere
878 2416 987 2483 nolui.
1044 2421 1092 2485 At
1119 2438 1206 2484 cave
1234 2418 1355 2483 credas

177 2533 322 2609 poetam
351 2523 495 2609 singula
524 2545 693 2591 versuum
721 2525 834 2591 frusta
867 2524 924 2590 vel
952 2523 1104 2590 frustula
1133 2545 1177 2588 ex
1205 2523 1356 2590 diversis

176 2629 264 2696 locis
287 2630 407 2696 dedita
431 2653 536 2717 opera
561 2631 816 2718 conquisivisse
839 2631 960 2717 itaque
982 2650 1105 2698 versus
1121 2651 1205 2696 suos
1220 2650 1356 2715 magno

175 2736 297 2802 labore
321 2737 553 2805 contexuisse.
601 2742 716 2807 Immo
745 2739 796 2807 ita
822 2761 878 2805 res
906 2761 945 2805 se
973 2738 1104 2804 habere
1132 2736 1283 2821 videtur,
1314 2747 1357 2805 ut

176 2843 248 2926 ille,
283 2864 388 2929 quem
422 2854 582 2912 veterum
615 2847 795 2933 epicorum
824 2844 998 2932 imprimis
1027 2843 1174 2911 Homeri
1203 2845 1356 2911 lectione

179 2971 287 3036 quam
310 2949 465 3016 maxime
487 2951 667 3020 imbutum
690 2954 800 3019 luisse
825 2962 971 3035 constet,
1001 2953 1102 3038 quasi
1126 2951 1164 3017 in
1187 2961 1355 3038 promptu

178 3077 302 3122 versus
331 3047 523 3144 eorumque
551 3068 672 3146 partes
699 3057 865 3126 habuerit
895 3067 1011 3144 atque,
1046 3058 1108 3124 ubi
1136 3081 1226 3146 opus
1255 3067 1357 3142 esset,

179 3164 417 3250 usurpaverit.
452 3166 556 3231 Hanc
568 3165 612 3232 ad
626 3186 700 3232 rem
712 3166 1026 3232 demonstrandam
1042 3164 1144 3232 iuvat
1160 3167 1354 3249 enucleare,

180 3293 285 3357 quem
316 3272 361 3337 ad
392 3273 538 3339 modum
573 3274 717 3360 singula
750 3294 916 3340 versuum
948 3274 1061 3339 frusta
1089 3294 1133 3338 ex
1161 3271 1270 3358 epicis
1299 3272 1356 3337 de-

181 3388 324 3465 sumpta
347 3378 439 3446 inter
463 3402 500 3446 se
525 3381 713 3470 coniuncta
737 3380 818 3446 sint.
865 3381 960 3447 Sane
976 3379 1072 3446 haud
1087 3378 1252 3445 omnibus
1269 3379 1357 3444 locis

180 3483 413 3554 inveniuntur
436 3508 572 3570 causae,
596 3487 764 3574 quoniam
788 3497 902 3574 poeta,
925 3497 966 3553 ut
981 3507 1088 3573 supra
1103 3485 1176 3551 iam
1192 3484 1356 3568 diximus,

181 3594 395 3678 exemplaria
411 3594 583 3681 imprimis
596 3592 744 3660 Iliadem
761 3609 797 3660 et
810 3594 1007 3679 Odysseam
1018 3592 1188 3659 memoria
1200 3590 1358 3658 tenuisse

179 3697 392 3766 iudicandus
436 3703 497 3774 sit;
544 3711 581 3769 at
623 3701 786 3788 quotiens
830 3702 948 3788 aliqua
986 3699 1158 3786 dispicere
1196 3707 1356 3785 poteram

180 3806 346 3892 vestigia,
370 3808 530 3875 sollerter
554 3818 590 3874 et
613 3817 775 3875 accurate
800 3808 1043 3894 persequebar.

431 4080 465 4157 a)
494 4078 575 4143 Duo
600 4097 722 4144 versus
748 4074 980 4143 contaminati
1005 4085 1097 4142 sunt

187 4237 297 4300 Poeta
347 4235 492 4302 alterius
540 4257 663 4303 versus
711 4246 848 4321 partem
890 4235 1042 4321 priorem
1086 4257 1167 4302 cum
1211 4234 1357 4302 alterins

180 4341 376 4428 posteriore
399 4342 656 4409 contaminavit
