3434 5036
221 833 251 902 i.
278 833 331 902 lie
354 833 495 917 aliquot
517 831 685 903 iocorum
709 832 917 920 complures
932 848 1061 904 versus
1080 833 1403 921 complectentium

670 975 954 1060 compositione.

334 1209 522 1290 Homerus,
546 1227 627 1274 cunr
650 1205 695 1272 de
712 1204 879 1274 Herculis
893 1205 1073 1273 laboribus
1088 1205 1178 1272 nihil
1193 1205 1400 1284 narraverit,

220 1313 288 1380 sed
318 1312 555 1380 nominaverit
584 1321 723 1380 tantum
751 1312 895 1380 heroem
925 1312 1036 1396 illum,
1071 1310 1237 1380 carminis
1265 1312 1401 1381 auctori

218 1419 261 1486 in
285 1419 373 1507 ipsis
395 1419 449 1504 iis,
480 1440 570 1506 quae
593 1419 688 1506 apud
712 1419 870 1506 Angiam
895 1427 975 1486 acta
998 1427 1127 1502 essent,
1161 1417 1401 1518 describendis

219 1526 427 1614 exemplum
453 1548 530 1594 esse
554 1548 625 1593 non
648 1526 776 1614 potuit,
804 1527 867 1593 sed
895 1525 1050 1593 imitatio
1072 1525 1240 1593 universa
1263 1534 1404 1614 spectat

225 1633 270 1700 ad
294 1633 469 1701 rationem
495 1633 661 1701 narrandi
685 1654 727 1700 ac
749 1633 952 1700 dictionem.
997 1631 1135 1699 Tamen
1159 1654 1233 1700 non
1256 1641 1312 1700 cst
1339 1653 1402 1700 cur

224 1740 370 1825 mireris,
405 1741 498 1826 quod
526 1741 623 1807 haud
651 1761 732 1809 raro
759 1740 866 1808 etiam
899 1740 1089 1828 ampliores
1123 1737 1323 1808 sententiae
1355 1760 1400 1807 ex

222 1850 385 1916 Homero
417 1847 648 1935 depromptae
679 1847 797 1916 verbis
832 1849 913 1935 plus
944 1847 1109 1916 minusve
1137 1846 1314 1914 similibus
1342 1867 1400 1914 ex-

220 1975 366 2043 pressae
389 1964 483 2020 sunt.

331 2079 449 2146 Prima
478 2079 614 2166 primae
642 2079 680 2145 in
709 2079 875 2147 carminis
899 2078 1069 2148 orationis
1092 2079 1202 2148 verba
1224 2077 1273 2167 (v.
1298 2075 1399 2161 3-6)

330 2184 366 2254 ἔκ
388 2211 443 2254 τοι
467 2191 552 2262 ξεῖνε
576 2183 740 2278 πρόφρων
760 2183 958 2277 μυθήσομαι
981 2176 1055 2256 ii'oo'
1078 2184 1235 2272 ἐρεείνεις,

328 2283 454 2378 Ἑρμέω
478 2285 636 2378 ἁζόμενος
658 2288 771 2383 δεινὴν
794 2281 878 2362 ὅπιν
901 2291 1073 2362 είνοδίοιο·

328 2393 388 2467 τὸν
410 2397 473 2489 γάρ
497 2423 579 2491 φασι
602 2399 760 2490 μέγιστον
781 2399 990 2486 ἐπουρανίων
1011 2401 1232 2485 κεχολῶσθαι,

237 2598 239 2604 Ι
332 2503 367 2574 εί
384 2531 440 2574 κεν
464 2497 542 2574 ὁδοῦ
566 2510 715 2593 ζαχρεῖον
738 2497 898 2598 ἆνήνρταί
918 2533 967 2587 τις
991 2497 1100 2598 ‹idiunt›

218 2614 300 2680 sine
323 2613 432 2680 dubio
455 2614 606 2680 formata
627 2624 712 2681 sunt
728 2614 773 2680 ad
788 2613 993 2702 exemplum
1010 2613 1192 2699 Odysseae
1208 2637 1226 2681 o
1242 2607 1308 2679 318
1324 2633 1399 2701 sqq.

329 2722 366 2788 ἐκ
389 2718 529 2809 γάρτοι
552 2720 645 2805 ἐρέω,
670 2716 709 2788 οὐ
734 2721 771 2789 δὲ
794 2718 917 2790 σύνθεο
940 2717 1000 2789 καί
1020 2745 1080 2806 μοι
1103 2708 1259 2789 ι’ίκουσον·

328 2817 483 2912 Ἑρμείαο
506 2827 595 2917 ἕκητι
618 2825 801 2917 διακτόρου,
825 2819 863 2908 ὅς
885 2825 927 2918 ῥά
950 2851 986 2894 τε
1008 2825 1148 2895 πάντων

331 2925 529 3019 ἀνθρώπιον
551 2933 669 3024 ἔργοισι
691 2932 787 3020 χάριν
808 2933 865 3002 καί
888 2936 986 3016 κῦδος
1009 2925 1142 3016 ὀπάζει.

218 3041 397 3126 Quamvis
425 3042 520 3108 enim
550 3040 735 3128 utriusque
763 3041 831 3108 loci
859 3040 1059 3109 sententiae
1081 3061 1154 3109 non
1176 3041 1283 3129 plane
1305 3042 1399 3110 inter

219 3170 260 3215 se
295 3157 511 3234 congruant,
546 3157 666 3214 tamen
700 3147 839 3216 indoles
873 3169 1043 3217 versuum
1079 3156 1186 3234 atque
1219 3158 1397 3216 structura

218 3264 307 3322 sunt
330 3253 544 3339 simillimae;
580 3277 735 3342 namque
758 3277 814 3322 res
837 3257 995 3343 proiecto
1017 3255 1068 3322 ita
1090 3276 1130 3323 se
1152 3254 1269 3339 habet,
1297 3264 1340 3323 ut
1361 3265 1398 3324 et

218 3361 282 3427 illo
307 3361 499 3429 Homerico
527 3362 605 3429 loco
634 3372 670 3431 et
697 3361 734 3428 in
763 3361 871 3429 huius
899 3361 1065 3430 carminis
1094 3361 1255 3430 versibus
1279 3362 1396 3429 allatis

220 3468 262 3550 is,
287 3468 347 3556 qui
370 3469 537 3556 loquitur,
561 3470 713 3537 alterum
737 3469 883 3536 edocere
905 3469 994 3538 velit
1016 3479 1053 3538 et
1074 3469 1230 3556 primum
1252 3468 1395 3555 quidem

219 3585 390 3662 provocet
418 3575 462 3642 ad
492 3577 705 3644 Mercurium
735 3576 881 3664 eiusque
909 3576 1091 3645 virtutem.
1139 3577 1247 3642 Poeta
1274 3583 1396 3642 autem

220 3682 258 3748 in
287 3683 465 3750 sententia
493 3684 537 3749 ad
566 3704 672 3751 usum
707 3705 812 3750 suurn
849 3683 1023 3751 translata
1056 3704 1121 3771 pro
1155 3681 1302 3768 ingenio
1330 3701 1395 3748 suo

219 3789 428 3876 neutiquam
458 3789 651 3878 adquievit,
686 3789 747 3857 sed
778 3789 927 3858 mutatis
949 3789 1077 3870 ¹verbis
1109 3787 1272 3857 adtexuit
1300 3810 1398 3856 men-

220 3895 353 3963 tionem
389 3919 519 3965 novam
556 3897 720 3965 Mercurii
755 3895 860 3965 vialis
893 3905 1092 3964 recusatam
1130 3893 1269 3963 itineris
1308 3896 1398 3964 indi·

216 4002 395 4070 cationem
420 4004 543 4071 ulcisci
567 4004 672 4072 soliti.
1399 4089 1400 4094 ρ

326 4109 569 4178 Transeamus
604 4111 648 4178 ad
684 4131 808 4178 versus
835 4106 978 4194 38-41,
1013 4107 1142 4199 quibus
1176 4109 1221 4177 de
1256 4109 1395 4187 advena

218 4217 359 4299 dicitur,
383 4217 443 4305 qui
468 4218 546 4306 ipsa
569 4216 686 4304 specie
711 4226 818 4303 atque
839 4216 964 4284 habitu
988 4215 1116 4303 prodat
1138 4237 1178 4284 se
1192 4237 1270 4283 esse
1285 4215 1396 4283 nobili

214 4325 298 4392 loco
321 4332 462 4393 natum:
