3382 5056
787 327 1017 395 ..12-

420 533 465 622 dic
486 545 523 610 τέ
544 569 600 610 τεο
622 544 642 628 ἦ
665 544 818 628 βασιλῆος
836 545 1011 629 ἀμύμονος,
1035 535 1074 624 ός
1096 567 1131 610 τε
1154 545 1299 628 θεουδὴς

421 652 571 735 ἀνδράσιν
598 653 631 716 ἓν
658 652 806 718 πολλοῖσι
839 649 895 718 καὶ
930 648 1116 741 ἰφθίμοισιν
1149 653 1297 718 ἀνάσσων

419 747 561 838 εόόικέας
583 761 718 848 ἀνέχῃσι.

191 878 193 882 ’
309 863 384 932 Sed
407 886 479 932 non
503 866 618 933 solum
640 867 749 934 verba
765 865 977 952 exemplaris
992 864 1183 931 immutata
1199 874 1283 931 sunt
1299 862 1394 952 (vide
1409 869 1428 947 ᾖ
1444 861 1490 951 6),

313 993 437 1040 verum
474 973 580 1040 etiam
617 973 795 1041 sententia
823 973 901 1060 ipsa
929 971 1163 1039 mutationem
1192 992 1300 1058 passa
1323 981 1378 1038 est
1401 993 1489 1054 eam,

310 1087 453 1146 utnon
481 1102 543 1147 rex
572 1082 669 1148 solus
699 1081 761 1148 sed
790 1102 862 1147 una
891 1101 971 1146 cnm
1000 1078 1137 1146 civibus
1166 1078 1241 1146 suis
1264 1078 1321 1145 ius
1344 1079 1489 1146 reddere

310 1185 483 1274 fingatur.

420 1313 496 1378 Iam
535 1333 620 1378 vero
649 1321 873 1378 transeamus
902 1311 947 1377 ad
975 1333 1100 1378 versus
1134 1306 1323 1375 223-226.
1375 1309 1487 1376 Sicuti

309 1416 349 1483 in
375 1417 558 1502 Odysseae
581 1445 601 1502 χ
624 1415 801 1485 402-406

420 1543 533 1628 αἵματι
554 1541 609 1610 καὶ
634 1545 750 1632 λάβρῳ
772 1546 1018 1633 πεπαλαγμένον
1041 1535 1086 1623 ὥς
1107 1567 1142 1609 τε
1165 1543 1287 1623 λέοντα,

421 1641 458 1730 ός
480 1653 519 1738 ῥά
541 1675 577 1718 τε
598 1643 775 1736 βεβρωκὼς
797 1645 878 1736 βοός
900 1654 1024 1735 ἔρχεται
1048 1651 1233 1739 ἀγραύλοιο·

418 1765 482 1823 πᾶν
506 1760 535 1823 d'
561 1761 625 1843 ἄρα
648 1762 679 1823 οἱ
700 1761 821 1843 στῆθός
842 1784 879 1827 τε
901 1760 1022 1842 παρήιά
1044 1747 1074 1824 τ>
1098 1758 1340 1847 ἀμφοτέρωθεν

326 1860 392 1928 405
416 1861 612 1949 αἱματόεντα
634 1867 728 1949 πέλει,
751 1866 854 1938 όεινός
876 1856 907 1932 d’
930 1862 976 1937 εἰς
999 1864 1074 1930 ὦπα
1097 1861 1236 1937 ἰδέσθαι,

419 1971 466 2044 ὡς
489 1963 641 2044 Ὀδυσεὺς
663 1973 850 2039 πεπάλακτο
872 1969 976 2044 πόδας
998 1970 1054 2037 καὶ
1076 1975 1188 2055 χεῖρας
1210 1972 1355 2052 ὕπερθεν

311 2096 436 2180 leonis,
453 2096 513 2183 qui
530 2096 681 2164 satiatus
695 2097 732 2163 in
749 2118 875 2184 specus
892 2096 992 2180 redit,
1017 2095 1151 2183 species
1168 2103 1275 2181 atque
1291 2092 1434 2159 habitus
1450 2090 1487 2156 in

310 2204 612 2289 comparationem
636 2214 817 2287 vocantur,
840 2204 892 2271 ita
915 2203 951 2270 in
969 2214 1090 2270 nostro
1106 2201 1261 2269 carmine
1278 2198 1488 2266 describitur

312 2332 347 2377 v.
371 2306 437 2375 223
460 2333 534 2397 sqq.

315 2509 320 2524 ι
420 2440 491 2522 ἤτοι
514 2441 532 2503 ὃ
555 2437 615 2523 μ’έν
638 2441 784 2528 σήραγγα
806 2439 992 2521 προόείελος
1015 2440 1135 2521 ἔστιχεν
1157 2431 1204 2507 εἷς
1226 2437 1274 2519 ἥν,

416 2539 594 2630 βεβρωκάις
616 2553 734 2630 κρειῶν
756 2569 792 2612 τε
814 2544 870 2612 καὶ
895 2545 1043 2629 αἵματος,
1067 2541 1152 2632 ἀμφὶ
1177 2541 1214 2609 dd
1236 2543 1347 2625 χαίτας

328 2648 394 2717 225
417 2641 588 2741 αὖχμηράς
609 2653 796 2716 πεπάλακτο
819 2653 911 2740 (γόνῳ
933 2651 1078 2734 χαροπόν
1099 2673 1135 2716 τε
1158 2645 1336 2732 πρόσωπον

418 2760 544 2842 στήθεά
566 2781 609 2840 τε,
633 2757 760 2846 γλώσσῃ
785 2756 821 2824 δὲ
844 2757 1053 2841 περιλιχμᾶτο
1077 2759 1202 2844 γένειον.

311 2883 459 2970 Spectat
482 2890 602 2948 autem

311 3013 345 3058 v.
362 2985 428 3054 223
451 2991 572 3073 ἔστιχεν
853 2990 897 3055 ad
922 2986 1023 3074 2403
1047 2986 1173 3074 ἔρχεται

311 3121 343 3166 v.
359 3093 427 3162 224
448 3098 626 3182 βεβρωκὼς
851 3096 895 3164 ad
919 3093 1021 3181 χ403
1043 3097 1224 3181 βεβρωκὼς

450 3207 584 3289 αἵματος
853 3204 897 3269 ad
921 3200 1022 3288 χ402
1046 3207 1154 3288 αἵματι

310 3333 344 3380 v.
362 3306 428 3376 225
450 3312 636 3398 πεπάλακτο
659 3314 750 3402 (γόνῳ
855 3310 899 3377 ad
923 3306 1025 3395 χ402
1048 3310 1164 3398 λύθρῳ
1186 3310 1431 3397 πεπαλαγμένον

502 3405 505 3414 ’
924 3445 944 3502 χ
961 3413 1027 3482 406
1049 3418 1235 3483 πεπάλακτο

195 3581 197 3586 ,
444 3525 589 3609 χαροπόν
604 3549 639 3591 τε
653 3527 828 3609 πρόσωπον
851 3525 895 3590 ad
920 3551 939 3607 χ
955 3520 1021 3589 405
1043 3524 1144 3596 όεινὸς
1160 3512 1190 3590 δ’
1206 3525 1249 3596 εἰς
1263 3522 1338 3587 ὦπα
1353 3519 1486 3589 ἰδέσθαι

308 3654 342 3700 v.
358 3627 424 3696 226
448 3635 575 3718 στήθεα
853 3631 897 3697 ad
921 3629 1023 3715 x404
1046 3634 1175 3716 στῆόος.

312 3758 419 3828 Unde
442 3769 590 3845 apparet
612 3767 753 3845 poetam
772 3757 880 3824 verba
897 3756 1027 3844 partim
1044 3756 1184 3842 integra
1201 3755 1329 3843 partim
1347 3764 1485 3820 mutata

308 3866 348 3932 in
364 3887 467 3932 usum
487 3887 591 3932 suum
606 3864 831 3946 convertisse,
848 3865 977 3952 partim
996 3863 1074 3930 aliis
1089 3864 1181 3929 idem
1199 3860 1485 3949 significantibus

310 3973 543 4060 expressisse3
566 3972 759 4040 immiscuit
782 3982 901 4039 autem
927 3971 1100 4039 vocabula
1125 3973 1169 4037 ab
1187 3973 1344 4037 Homero
1368 3969 1485 4036 aliena

308 4085 441 4172 σῇραγξ,
465 4070 639 4171 αόχμιγρός,
663 4082 941 4167 περιλιχμᾶσθαι,
971 4101 1016 4144 ex
1039 4100 1104 4145 suo
1128 4078 1252 4145 fictum
1278 4075 1484 4166 προόείελος,

308 4187 353 4255 de
377 4210 447 4274 quo
470 4190 497 4253 B
521 4191 540 4271 ἓ
565 4184 584 4252 1
608 4186 795 4253 dicendum
820 4187 894 4252 erit.
