3434 5036
702 375 921 442 „17-

219 592 398 658 exstantia
429 602 465 657 et
493 592 622 659 ionuas
651 589 748 657 verbi
783 589 970 676 κάμπτεινῖ
1015 594 1071 658 Ne
1106 593 1210 659 arbor
1245 593 1394 680 quidem,

220 720 311 784 quae
344 721 365 764 a
397 707 503 784 poeta
528 696 715 763 adhibetur
743 697 910 784 (populus
938 697 1056 785 nigra)
1081 700 1203 766 eadem
1227 708 1282 767 est
1305 722 1395 788 quae

219 808 298 871 loco
329 805 476 871 Homeri
505 803 732 892 (caprificus).
780 802 904 871 Cetera
941 814 1059 870 autem
1096 805 1203 873 verba
1239 829 1281 873 ex
1317 807 1394 872 aliis

218 912 306 978 locis
332 912 480 978 Homeri
504 911 575 978 huc
598 911 765 978 arcessita
789 921 874 977 sunt

135 1036 138 1041 '
179 1023 185 1032 ’
219 1015 301 1086 2471
327 1023 345 1094 ζ
367 1015 433 1084 232
457 1040 506 1105 sq.
531 1045 574 1078 Ξ
597 1014 712 1102 p7159
736 1039 785 1104 sq.

328 1116 432 1198 ὣςο)
456 1128 515 1190 ὅτε
537 1151 581 1196 τις
603 1125 722 1209 χρυσὸν
745 1129 935 1208 περιχεύεται
959 1129 1090 1210 ἀργύρῳ
1114 1131 1207 1211 ἀνήρ

234 1297 238 1304 ,
329 1235 424 1318 ἴδρις
983 1308 986 1314 ,
1185 1323 1188 1328 ¹

218 1338 300 1406 248:
330 1343 361 1407 Φ
383 1335 425 1405 37
441 1361 490 1426 sq.
698 1343 716 1404 ὁ
741 1329 769 1404 ‹l’
787 1342 935 1424 ἐρινεὸν
958 1342 1022 1416 ὀξέι
1044 1344 1155 1425 χαλκῷ

263 1511 265 1515 ,
326 1451 422 1532 τάμνε
444 1450 535 1519 νέους
559 1449 743 1531 ὄρπηκας,
768 1437 806 1511 ἵν’
830 1449 971 1532 ἅρματος
994 1450 1121 1532 ἄντυγες
1144 1451 1202 1514 εἷεν

218 1553 301 1619 249:
326 1580 352 1639 φ
374 1549 440 1619 246
463 1556 627 1619 θάλπων
651 1555 730 1618 ἔνθα
754 1555 807 1618 καὶ
831 1555 910 1618 ἔνθα
934 1556 1007 1638 σέλᾳ
1031 1559 1150 1640 πυρός

219 1657 299 1726 250:
330 1662 360 1727 Θ
383 1656 447 1727 137
472 1660 527 1742 (cl.
543 1661 574 1724 A
598 1655 675 1741 128)

327 1768 488 1851 Νέστορος
512 1757 541 1831 ‹l’
566 1769 606 1831 ἐκ
629 1774 772 1851 χειρῶν
795 1770 916 1850 φύγον
939 1771 1011 1852 ἡνία
1034 1770 1221 1851 σιγαλόεντα.

219 1873 261 1939 Id
286 1895 398 1940 unum
421 1881 604 1960 praeterea
627 1873 695 1939 hoc
718 1875 795 1939 loco
818 1874 1036 1940 monendum
1054 1873 1210 1941 videtur:
1236 1897 1317 1942 cum
1333 1876 1393 1942 illa

220 1981 369 2048 Homeri
393 1979 609 2067 comparatio
632 1979 821 2046 inducatur
844 1979 1019 2068 particula
1043 1971 1096 2065 ὦς,
1121 1983 1283 2068 apodosis
1307 2005 1393 2049 voce

218 2092 316 2172 τοῖον,
333 2097 438 2174 poeta
454 2087 579 2174 incipit
595 2085 864 2154 similitudinem
884 2086 1067 2174 particulis
1085 2077 1131 2169 ὣς
1147 2079 1175 2156 δ’
1192 2092 1280 2174 ὅταν,
1304 2112 1394 2177 quae

219 2195 314 2282 apud
344 2197 542 2262 Homerum
575 2215 715 2280 quoque
744 2195 981 2281 compluriens
1018 2196 1139 2262 eadem
1172 2198 1318 2265 ratione
1338 2199 1394 2264 ad-

218 2301 427 2390 hibentur1).

327 2413 369 2475 In
393 2409 479 2476 locis
505 2419 624 2476 autem
649 2430 736 2494 quos
760 2429 866 2494 supra
885 2410 1117 2476 tractavimus
1141 2413 1392 2497 componendis

219 2539 290 2603 quo
317 2517 421 2584 modo
451 2526 556 2603 poeta
588 2517 768 2602 exemplar
799 2516 960 2582 imitatus
991 2516 1046 2600 sit,
1085 2517 1208 2604 paucis
1240 2540 1394 2605 compre·

219 2623 374 2692 uendere
409 2623 519 2694 iuvat.
576 2626 741 2710 Integros
775 2623 973 2709 desumpsit
1011 2645 1134 2692 versus
1170 2625 1294 2709 nullos,
1330 2627 1389 2692 sed

219 2731 400 2819 exemplar
435 2731 643 2819 plerumque
677 2730 728 2797 ita
763 2730 936 2805 adhibuit,
974 2741 1015 2798 ut
1043 2732 1118 2798 eius
1147 2743 1210 2799 aut
1237 2733 1393 2806 indolem

219 2839 423 2905 universam
448 2848 510 2905 aut
527 2838 741 2906 sententiam
758 2837 986 2923 singularem,
1010 2839 1189 2907 interdum
1206 2854 1392 2928 utramque

218 2951 396 3036 reciperet,
432 2949 621 3015 verborum
653 2961 772 3017 autem
806 2971 918 3036 pauca
953 2959 1093 3015 tantum
1129 2959 1393 3017 transsumeret.

219 3058 333 3125 Immo
362 3057 449 3124 alias
474 3079 587 3141 voces,
612 3079 702 3144 quae
727 3058 874 3124 eandem
899 3058 969 3124 lere
986 3079 1060 3124 rem
1077 3055 1331 3142 significarent,
1355 3059 1392 3132 in

218 3185 323 3231 nsum
354 3186 458 3232 suurn
486 3165 630 3233 vocavit
656 3165 731 3232 sive
763 3188 807 3232 ex
838 3186 902 3232 suo
933 3185 1027 3250 penu
1055 3163 1167 3252 petita
1191 3165 1265 3232 sive
1294 3203 1327 3213 —
1356 3165 1392 3230 id

219 3271 312 3356 quod
348 3271 488 3360 saepius
525 3272 643 3340 evenit
680 3311 721 3320 -
756 3295 801 3338 ex
836 3272 914 3338 aliis
951 3271 1098 3338 Homeri
1133 3271 1229 3346 locis.
1278 3273 1393 3358 Atque

219 3377 377 3446 accidere
417 3379 594 3464 videmus,
638 3391 677 3446 nt
715 3382 814 3447 locus
854 3380 888 3445 in
931 3381 1085 3446 Hercule
1125 3380 1289 3448 artiorem
1329 3390 1392 3450 aut

219 3485 425 3571 ampliorem
441 3488 590 3555 formam
602 3488 769 3574 praebeat
785 3509 892 3574 quam
909 3488 1098 3574 exemplar,
1122 3486 1206 3573 quin
1224 3487 1331 3552 etiarn
1348 3507 1391 3550 ex

219 3594 458 3679 compluribus
483 3595 631 3670 Homeri
654 3594 740 3661 locis
765 3593 1027 3661 contaminatus
1052 3593 1223 3662 videatur.

326 3741 409 3748 ..ι-...ι

330 3794 353 3872 ¹)
378 3796 541 3854 Passowius
565 3799 583 3852 l.
607 3800 625 3853 l.
649 3817 677 3872 p.
704 3795 745 3856 42
770 3815 814 3873 sq.
