3434 5036
737 363 962 430 ...11-

269 580 314 662 id,
350 579 443 666 quod
472 578 676 666 legentibus
705 600 768 665 pro
803 600 888 646 vero
924 587 1017 646 esset
1051 579 1263 665 ponendum,
1298 578 1445 649 narrari.

265 689 400 754 Versus
445 685 658 753 Homericus
699 683 764 750 223
807 685 1018 772 exprimitur
1057 706 1163 752 versu
1199 682 1256 750 82:
1296 695 1444 771 uterque

268 793 393 880 incipit
417 783 476 860 οίκ
500 797 547 875 ἂν,
571 791 693 859 dativo
717 782 849 881 Ὀδυσῆι
872 792 1063 878 respondet
1087 789 1128 876 ol,
1152 792 1197 859 ad
1212 785 1331 880 βροτὸς
1345 793 1446 871 ἄλλος
1550 865 1552 870 ,

266 909 438 988 spectant,
475 920 555 966 cum
580 899 647 965 hoc
674 898 753 965 loco
781 899 825 964 de
852 898 976 966 bestiis
1011 908 1150 986 agatur,
1185 900 1295 965 verba
1329 902 1448 989 θηρῶν

264 1033 328 1091 τις,
367 1007 413 1072 ad
441 1006 597 1094 ἐρίσσειεν
624 1028 730 1073 voces
759 1002 904 1096 ἑόήρισεν
931 1009 1011 1093 περὶ
1037 1013 1149 1097 τιμής;
1186 1029 1231 1073 ex
1258 1028 1325 1073 suo
1347 1027 1445 1071 more

265 1123 371 1201 poeta
406 1113 476 1180 alia
512 1134 652 1199 quoque
687 1113 804 1195 verba,
840 1134 931 1198 quae
966 1113 1061 1200 apud
1091 1115 1288 1180 Homerum
1320 1111 1445 1179 eadem

266 1242 390 1288 versus
414 1219 497 1287 sede
520 1222 698 1306 leguntur,
723 1218 861 1286 addidit
881 1215 1046 1310 νοήμονες,
1071 1222 1215 1303 ἔνδοθεν,
1238 1219 1345 1286 τεκαὶ
1362 1208 1446 1286 οὐκί.

267 1328 338 1394 Hic
359 1326 472 1413 igitur
495 1348 551 1392 res
574 1326 626 1392 ita
650 1348 688 1392 se
712 1325 828 1409 habet,
852 1336 893 1393 ut
916 1326 1025 1393 verba
1049 1348 1090 1392 ac
1114 1327 1292 1393 sententia
1315 1324 1445 1391 similia

267 1434 346 1516 sint,
369 1433 507 1500 indoles
531 1432 683 1500 diversa.

375 1561 481 1625 Porro
505 1557 674 1624 afferendi
704 1567 790 1624 sunt
818 1578 942 1624 versus
966 1554 1043 1623 121.
1067 1555 1143 1642 122,
1178 1557 1215 1625 in
1244 1557 1374 1644 quibus
1401 1556 1447 1623 de

266 1665 388 1732 morbo
411 1664 609 1752 pernicioso
639 1663 760 1751 agitur

480 1780 518 1856 οὗ
541 1788 603 1874 μὲν
626 1791 685 1878 γάρ
707 1814 755 1869 τις
777 1787 917 1880 ἐπήλυθε
942 1797 1058 1869 νοῦσος
1081 1792 1200 1856 ἐκείνου

376 1899 565 1982 βουκολίοις,
588 1898 652 1963 αἵτ’
676 1894 753 1986 ἔργα
775 1901 1030 1988 καταφθείρουοι
1048 1899 1187 1987 νομήων,

274 2021 475 2090 conferendi
499 2021 525 2087 ii
549 2021 691 2108 quidem
717 2043 797 2088 cum
822 2022 1004 2106 Odysseae
1028 2023 1047 2088 λ
1069 2018 1136 2087 200
1159 2044 1210 2108 sq.

375 2151 449 2214 οὔτε
471 2172 519 2226 τις
543 2137 599 2213 οὖν
620 2171 676 2232 μοι
699 2152 814 2226 νοῦσος
830 2148 998 2236 ἐπήλυθεν,
1022 2138 1077 2236 ήτε
1094 2148 1233 2232 μάλιστα

348 2343 350 2348 Ι
374 2255 521 2345 τηκεδόνι
544 2259 683 2344 στυγερή
706 2253 835 2339 μελέων
859 2257 993 2329 ἐξείλετο
1017 2256 1137 2339 θυμόν.

268 2383 366 2446 Inter
400 2401 439 2445 se
468 2379 686 2466 respondent
714 2383 790 2445 οὔτε
818 2405 870 2458 τις
898 2369 954 2445 οὖν
980 2403 1040 2464 μοι
1067 2384 1181 2458 νοῦσος
1208 2376 1379 2470 ἐπήλυθεν
1411 2387 1448 2446 et

268 2476 305 2554 οὗ
331 2486 393 2570 μὲν
420 2474 483 2577 μοίρ
510 2511 562 2566 τις
591 2483 742 2574 ἐπήλυθε
770 2493 885 2564 νοῦσος
914 2488 1034 2552 ἐκείνου
1055 2485 1255 2569 βουιολίοιςς
1284 2477 1341 2574 ήτε
1359 2539 1365 2553 .
1385 2539 1392 2554 .
1410 2535 1445 2556 ..

267 2592 395 2678 μελέων
419 2590 561 2669 ἐξείλετο
585 2590 696 2678 θυμόν
718 2591 755 2658 in
773 2592 842 2658 alio
859 2613 996 2659 conexu
1012 2591 1129 2677 posita
1146 2601 1231 2658 sunt
1247 2582 1344 2673 ulb’1)
1369 2595 1448 2681 ἔργα

268 2698 530 2789 καταφθείροισι
558 2697 706 2789 νομήων;
742 2699 844 2766 lacile
873 2707 1021 2787 apparet
1049 2699 1156 2766 etiarn
1183 2699 1339 2768 indolem
1368 2699 1447 2765 loco
1507 2707 1512 2714 ’

270 2807 462 2874 Homerico
486 2817 522 2874 et
546 2804 760 2874 Theocriteo
783 2828 1008 2873 communem
1033 2827 1120 2876 esse.

377 2930 582 2998 Proximum
620 2940 681 3014 est,
717 2941 758 2998 ut
793 2952 978 2997 recensum
1012 2931 1247 3017 praebeamus
1279 2932 1448 3014 locorum,

270 3038 330 3126 qui
369 3039 464 3127 apud
505 3041 702 3104 Homerum
741 3037 778 3103 in
818 3037 1142 3125 comparationibus
1182 3047 1362 3106 exstantes
1402 3038 1447 3104 ab

270 3156 413 3212 auctore
436 3144 601 3211 carminis
625 3147 731 3213 XXV
754 3144 797 3211 ad
822 3143 937 3232 ipsam
961 3166 1036 3210 rem
1055 3147 1268 3212 narrandam
1286 3144 1447 3213 translati

271 3262 364 3320 sunt.
412 3250 520 3318 Tales
543 3251 612 3319 loci
636 3261 721 3319 sunt
743 3275 777 3319 v.
803 3249 856 3319 45.
881 3248 934 3320 46.
959 3248 1147 3322 223-226,
1172 3250 1361 3321 241-246.

267 3463 271 3474 ⁴
377 3381 419 3442 In
444 3376 605 3444 versibus
630 3375 683 3445 45.
707 3373 751 3442 16

376 3499 406 3569 εἰ
429 3496 459 3569 δ’
483 3505 502 3567 ὃ
524 3501 585 3587 μὲν
609 3496 652 3586 iio
675 3502 756 3568 κατὰ
780 3503 859 3568 ἄστυ
880 3499 970 3586 μίνει
991 3503 1080 3587 παρὰ
1104 3493 1167 3569 οἷσι
1190 3499 1337 3582 πολίταις

377 3605 482 3700 δήμου
504 3610 692 3699 κηδόμενος,
716 3609 767 3675 διὰ
791 3608 828 3675 δὲ
850 3611 988 3693 κρίνουσι
1011 3608 1171 3694 θέμιστας

270 3754 334 3799 rex
357 3733 469 3800 lertur
492 3733 536 3799 de
560 3734 636 3800 iure
660 3733 873 3819 respondere
897 3732 1059 3800 similiter
1083 3743 1189 3819 atque
1213 3732 1247 3798 in
1267 3733 1451 3818 Odysseae

271 3865 290 3904 τ
313 3837 378 3906 109
402 3861 477 3927 sqq.
553 3834 557 3844 ’

271 3985 485 3995 --—-—-.—-.

383 4059 404 4137 ¹)
428 4060 692 4117 Animadvertatur
716 4061 867 4118 hocloco
892 4061 1040 4136 pluralem
1064 4058 1130 4122 αἵτε
1157 4061 1197 4117 ad
1226 4079 1348 4119 sensum
1376 4079 1448 4119 con·

273 4155 418 4206 structum
446 4149 503 4227 (ε
520 4148 690 4206 cuiusmodi
718 4143 831 4230 morbi)
860 4167 915 4224 pro
944 4149 1085 4225 singulari
1112 4169 1238 4209 numero
1269 4151 1308 4207 ad
1335 4150 1450 4217 νοῦσος

272 4236 431 4296 referendo
466 4239 598 4315 positum
635 4255 702 4296 esse
738 4237 875 4295 similiter
914 4247 1005 4314 atque
1041 4239 1071 4296 in
1103 4240 1230 4298 Homeri
1265 4238 1451 4297 carminibus

272 4322 388 4393 suo
411 4350 435 4408 μ
460 4326 502 4388 υτ
526 4348 545 4388 ι
568 4325 621 4387 ιο.
