3434 5036
738 343 938 412 -7-

255 561 505 648 profecturum,
530 567 571 626 ut
595 557 760 646 inspiciat
785 559 1055 647 possessionem,
1079 569 1115 628 et
1139 570 1215 629 tum
1235 562 1433 630 rediturum

257 665 304 746 εἰς
321 671 412 750 ἄστυ,
436 666 597 734 hocloco
620 687 736 732 rerum
762 665 921 732 condicio
945 688 987 732 ea
1011 676 1075 750 est,
1098 678 1139 735 ut
1162 691 1226 735 rex
1249 662 1434 739 advenerit

260 764 324 841 ἅττ’
360 777 487 854 ἄστεος.
546 775 653 839 Porro
688 773 848 840 diversae
884 795 1002 858 voceS,
1042 795 1133 861 quae
1169 763 1316 842 eandem
1353 799 1429 844 rem

255 880 468 966 significent,
490 879 669 946 adhibitae
685 889 782 946 sunt:
807 878 851 945 ad
872 872 993 967 ἅμροῦς
1009 879 1197 967 ἐπιείσομαι
1212 872 1273 972 ride*
1288 889 1433 974 βοτῆρας

255 997 291 1054 et
317 981 466 1054 κατιδών
491 979 555 1072 ἐμοὶ
583 983 662 1074 ἔργα
690 995 854 1072 spectant
881 987 989 1053 verba
1017 993 1129 1076 κτῆσιν
1158 979 1384 1077 ἐποψόμενος,
1411 983 1433 1081 ἥ

255 1091 286 1161 ol
309 1086 473 1183 νήριθμος
495 1082 553 1159 ἐντ’
583 1083 697 1181 οἷμρῶν,
728 1093 804 1159 vice
828 1114 930 1160 versa
954 1115 1016 1179 pro
1040 1091 1087 1173 εἷς
1110 1082 1190 1162 dioro
1212 1095 1433 1182 inspectione

256 1209 335 1268 aeta
358 1199 487 1286 κάτειμι
509 1199 641 1267 dictum
662 1208 716 1267 est
732 1196 927 1290 εἰλήλουθεν
948 1190 1013 1267 ἅττ’
1030 1189 1146 1281 ἄστεος
1161 1201 1300 1269 visendi
1317 1224 1433 1272 causa.

362 1325 481 1394 Etiam
506 1345 675 1392 versuum
700 1320 744 1389 60
768 1333 803 1390 et
826 1321 868 1390 61

361 1467 432 1542 ἀλλ’
454 1472 548 1561 ἴομεν
570 1474 661 1562 μάλα
686 1473 774 1564 πρός
795 1496 862 1561 μιν·
888 1467 953 1564 ἐγώ
977 1477 1013 1543 δέ
1034 1502 1085 1544 τοι
1108 1467 1316 1566 ἡγεμονεύσω

483 1573 493 1600 )
521 1573 531 1599 )
565 1573 575 1599 (

361 1574 452 1650 αὖλιν
477 1609 520 1672 εφ
554 1583 720 1674 ημετὲρην,
744 1583 799 1649 ἵνα
821 1607 876 1650 κεν
899 1582 1070 1670 τέτμοιμεν
1094 1587 1224 1652 ἄνακτα.

256 1734 411 1802 indolem
438 1744 545 1822 poeta
572 1757 615 1800 ex
645 1735 806 1818 Odyssea
834 1733 978 1820 petivit;
1013 1734 1049 1800 in
1080 1732 1243 1816 {31—33
1273 1735 1432 1804 Minerva

255 1841 469 1908 Nausicaam
505 1841 549 1907 ad
587 1841 743 1907 eundum
781 1840 985 1906 cohortatur
1020 1841 1123 1927 eique
1155 1863 1300 1929 operam
1329 1865 1432 1910 suam

256 1949 366 2032 offert,
391 1958 561 2035 utquam
587 1947 768 2013 celerrime
791 1947 925 2014 lavatio
950 1947 1174 2018 conficiatur:

361 2091 430 2166 ἀλλ’
454 2104 544 2186 ἴομεν
566 2099 755 2168 πλυνέουσαι
779 2093 836 2184 ἅμ’
859 2090 916 2190 ἠοῖ
935 2101 1167 2194 φαινομένηφι·

360 2211 484 2275 καίτοι
508 2197 573 2298 ε’μώ
597 2207 772 2296 συνέριθος
795 2197 851 2292 ἅμ’
875 2207 1008 2296 ἕψομαι,
1033 2197 1117 2300 ὄφρα
1140 2213 1272 2296 τάχιστοι

367 2305 377 2332 )
427 2312 434 2335 Ι
495 2312 497 2316 ’

361 2339 513 2382 εντυνεαι.

255 2465 416 2534 Similem
441 2466 477 2532 in
502 2468 646 2534 modum
670 2467 708 2532 in
733 2467 886 2535 carmine
910 2476 1031 2534 nostro
1055 2477 1173 2534 arator
1197 2468 1364 2535 admonet
1387 2467 1432 2533 ad

253 2573 409 2640 eundum
445 2595 553 2661 seque
586 2574 712 2641 ducem
746 2574 883 2641 itineris
912 2575 986 2640 lore
1014 2574 1198 2660 promittit,
1237 2584 1277 2641 ut
1309 2597 1431 2662 regem

255 2679 479 2749 conveniant.
527 2680 815 2749 Continuationis
849 2690 970 2748 autem
999 2681 1186 2748 verborum
1216 2689 1333 2768 partes
1364 2682 1433 2757 sin-

255 2787 362 2874 gulae
374 2788 442 2853 hoc
454 2786 560 2854 modo
573 2787 763 2877 discriptae
775 2798 873 2856 sunt:
899 2789 1054 2876 primum
1068 2797 1218 2874 utraque
1230 2787 1432 2855 adhortatio

252 2893 434 2961 inducitur
450 2894 601 2962 formula
618 2896 713 2982 apud
731 2898 929 2962 Homerum
947 2917 1054 2982 saepe
1069 2895 1107 2960 in
1120 2894 1294 2983 principio
1307 2915 1432 2962 versus

254 3001 359 3068 obvia
383 2991 457 3068 ἀλλ’
479 2997 583 3085 λομεν,
607 3001 735 3067 deinde
758 3001 984 3088 significatur
1005 3001 1041 3067 id
1058 3001 1150 3087 qnod
1168 3003 1361 3088 petendum
1379 3011 1434 3069 est

253 3107 327 3175 illic
349 3108 552 3176 πλυνέουσαι
575 3099 633 3194 ἅμ’
655 3097 713 3196 ηὀῖ
736 3107 973 3200 (φαινομένηφι,
999 3109 1142 3176 brevius
1158 3109 1217 3174 hic
1236 3106 1327 3194 μάλα
1343 3105 1434 3196 τορός

252 3241 317 3300 μιν,
347 3224 423 3282 turn
453 3214 664 3303 exprimitur
692 3215 825 3282 oblatio
854 3237 999 3303 operae:
1033 3215 1128 3302 apud
1153 3217 1351 3282 Homerum
1375 3212 1435 3284 κατ’

252 3347 305 3390 τοι
328 3314 393 3411 ἐγώ
423 3321 592 3410 συνέριθος
625 3313 683 3408 ἅμ’
707 3323 847 3412 ἕψομαι,
883 3322 921 3388 in
949 3324 1018 3389 hoc
1045 3321 1201 3388 carmine
1229 3317 1292 3412 ἐμοὶ
1320 3321 1358 3390 δέ
1380 3347 1434 3390 τοι

254 3420 462 3519 ἡγεμονεύσω
487 3419 581 3496 αὖλιν
610 3423 661 3520 aql·
689 3419 861 3519 ἡμετέρην,
895 3439 1073 3517 postremo
1102 3430 1256 3512 affertur,
1291 3449 1360 3515 qua
1389 3428 1433 3496 de

257 3556 365 3602 causa
388 3535 507 3603 oblata
530 3535 578 3602 sit
601 3557 720 3624 opera:
752 3535 789 3601 in
815 3535 976 3620 Odyssea
1001 3524 1091 3627 lippa
1114 3533 1257 3620 τάχιστα
1280 3531 1431 3618 ἐντύνεαι,

254 3643 291 3707 in
321 3664 350 3710 c.
373 3645 479 3711 XXV
508 3644 563 3710 ἵνα
591 3667 645 3710 κεν
676 3642 850 3729 τέτμοιμεν
883 3646 1012 3710 ἄνακτα.
1060 3644 1285 3728 Quamquam
1321 3640 1437 3727 igitur·

255 3748 363 3816 verba
395 3771 466 3816 uon
501 3760 705 3836 congruunt
738 3771 819 3817 cum
848 3749 1049 3817 Homericis
1079 3771 1144 3815 nec
1173 3769 1298 3815 sensus
1327 3747 1433 3834 plane

254 3855 348 3922 idern
372 3866 435 3940 est,
460 3865 580 3922 tamen
596 3865 774 3924 structura
792 3856 902 3925 totins
918 3857 986 3924 loci
1003 3866 1167 3922 accurate
1184 3876 1225 3922 ac
1240 3854 1433 3940 diligenter

255 3964 299 4029 ad
325 3962 473 4029 Homeri
498 3964 700 4051 exemplum
726 3964 945 4031 conformata
969 3973 1030 4030 est.

362 4087 494 4155 Nullus
523 4111 607 4156 vero
636 4088 801 4155 carminis
825 4087 1027 4156 Theocritei
1055 4089 1154 4154 locus
1183 4087 1226 4154 ad
1251 4086 1433 4173 exemplar

255 4193 486 4260 Homericum
511 4195 631 4262 referri
656 4204 775 4282 potest
797 4195 947 4282 amplior
964 4217 1070 4280 quam
1089 4194 1128 4279 is,
1153 4193 1213 4280 qui
1230 4193 1433 4259 continetur

255 4300 414 4368 versibus
438 4298 570 4368 68-79
