3434 5036
712 433 935 500 -33-

543 648 546 654 ’
603 646 631 716 2.
657 671 701 715 ex
723 648 827 715 initio
849 649 886 713 in
911 648 1047 715 exitum

365 792 408 860 55
454 794 627 884 οφωιτέρῳ
650 785 706 860 σίν
729 795 836 876 παιδί,
857 791 863 881 Ι
881 796 933 882 βίῃ
962 794 1090 881 Φυλῆος
1114 795 1259 880 ἀγαυοῦ

235 925 269 970 e.
282 925 318 990 g·
336 907 366 969 Ε
378 897 443 966 277
460 898 692 989 καρτερόθυμε,
715 901 864 990 δαΐφρον,
885 904 889 985 Ι
910 903 1054 989 ἀγαυοῦ
1085 901 1206 980 Τυδέος
1228 897 1276 966 υἱέ

238 1033 391 1112 (semper
415 1026 510 1112 apud
524 1027 720 1091 Homerum
745 1027 864 1108 ἀγαυοῦ
888 1024 1011 1090 eadem
1036 1024 1119 1090 sede
1135 1024 1281 1110 legitur:
1300 1022 1414 1094 n277.

237 1130 314 1200 649.
349 1142 379 1200 z
400 1130 453 1199 23.
490 1139 524 1200 Κ
545 1128 619 1198 392.
640 1139 693 1198 -A
715 1129 745 1200 1.
783 1140 827 1199 M
848 1128 919 1197 117.
955 1132 995 1202 a
1014 1127 1089 1200 501.
1129 1137 1158 1199 0
1179 1129 1317 1226 446.12
1337 1128 1412 1200 284.

239 1237 316 1306 557.
342 1234 443 1306 516.
470 1246 502 1304 ο
524 1234 598 1304 579.
621 1244 643 1323 ,a
667 1236 742 1306 sos.
766 1265 781 1304 ε
807 1237 835 1306 r.
860 1241 879 1304 κ
901 1235 990 1325 492).

346 1450 410 1519 110
456 1453 512 1517 σὺν
536 1451 564 1516 δ’
589 1452 657 1524 οἶός
679 1477 710 1517 τε
732 1455 783 1537 βίη
808 1477 841 1519 τε
867 1451 870 1540 i
895 1454 1101 1536 βαρύφρονος
1120 1453 1335 1537 Ἡρακλῆος

290 1561 323 1623 Σ
342 1556 407 1625 117
455 1561 530 1624 οὐδὲ
553 1560 613 1644 γὰρ
638 1560 712 1626 οὐδὲ
734 1561 786 1643 βίη
813 1557 1044 1646 ίἩρακλῆος
1067 1562 1149 1642 φύγε
1171 1567 1265 1645 κῆρα.

349 1774 456 1841 Haud
487 1773 559 1840 scio
590 1795 635 1840 an
664 1772 869 1840 recensendi
897 1773 1034 1858 possint
1066 1773 1180 1839 videri
1214 1772 1239 1838 ii
1275 1794 1416 1860 quoque

241 1881 318 1965 loci,
341 1881 378 1947 in
402 1881 530 1968 quibus
554 1892 660 1968 poeta
684 1881 856 1966 quaedam
880 1879 988 1947 verba
1016 1902 1060 1946 ex
1084 1879 1203 1966 aliquo
1239 1901 1343 1946 versu
1377 1880 1415 1945 in

242 1988 390 2054 eandem
414 1989 534 2055 sedem
555 1987 732 2074 sequentis
756 2007 880 2053 versus
898 1986 1123 2072 transposuit,
1147 1987 1246 2053 velut
1269 1987 1306 2052 in
1323 2011 1356 2054 v.
1374 1983 1417 2052 64

241 2096 296 2174 (cf.
320 2123 342 2161 α
363 2091 429 2160 405
452 2095 519 2182 sq.)
542 2103 578 2161 et
601 2091 641 2159 71
668 2095 723 2178 (ct.
748 2096 834 2161 Hes.
859 2093 998 2180 Theog.
1023 2091 1088 2159 317
1110 2093 1185 2181 sq.).
1231 2095 1279 2161 At
1301 2115 1417 2160 vereor

241 2223 295 2286 ne,
323 2202 353 2269 si
378 2204 466 2269 tales
494 2203 590 2268 locos
620 2211 778 2285 tractem,
809 2201 953 2287 longius
987 2223 1008 2266 a
1031 2202 1213 2288 proposito
1236 2201 1417 2271 decedam.

243 2309 373 2375 Contra
396 2329 476 2374 mea
499 2308 642 2395 quidem
667 2307 843 2374 sententia
859 2307 959 2392 digni
983 2318 1067 2374 sunt
1083 2309 1144 2394 qui
1166 2318 1418 2375 recenseantur

243 2414 350 2481 etiam
374 2439 406 2484 v.
432 2412 484 2480 38.
507 2412 563 2499 39;
591 2415 628 2480 in
652 2415 709 2480 his
744 2413 838 2479 enim
864 2414 1121 2479 sententiarum
1157 2415 1250 2496 ordo,
1286 2416 1347 2500 qui
1382 2421 1416 2479 in

244 2522 435 2608 exemplari
459 2522 645 2605 indicatur,
670 2530 830 2587 mutatus
854 2531 909 2587 est

346 2643 389 2711 38
402 2669 451 2732 sq.
694 2627 780 2712 οιαῑ
805 2648 843 2712 oa
867 2648 902 2710 σε’
925 2648 960 2729 γέ
982 2671 1065 2730 φημι
1087 2652 1200 2710 κακῶν
1223 2648 1257 2720 α

458 2733 604 2839 ἔμμενωῖ
639 2756 714 2822 οὐδὲ
737 2761 880 2820 κακοῖσιν
903 2755 1027 2819 ἐοικότα
1050 2756 1189 2838 poponus
1213 2755 1316 2819 αὐτόν.

243 2877 325 2946 vide
349 2880 550 2966 exemplum

299 3005 329 3067 Ξ
347 3001 412 3069 472
468 2985 523 3069 2οὐ
546 3008 605 3089 μέν
619 3030 675 3088 μοι
698 3005 799 3076 κακὸς
823 2986 952 3070 εἴδεται1
973 3005 1048 3071 οὐδὲ
1070 3011 1184 3070 κακῶν
1207 3009 1248 3079 ἔξ.

351 3129 504 3199 Etiamsi
528 3129 646 3196 nescio
682 3152 726 3195 an
754 3131 857 3216 plura
881 3131 1047 3216 opinione
1082 3130 1245 3218 exempla
1279 3129 1317 3195 in
1349 3129 1417 3195 hoc

244 3246 435 3322 conspectu
458 3236 645 3323 posuerim,
669 3247 789 3303 tamen
815 3237 876 3304 vix
899 3237 1102 3323 putaverim
1124 3236 1270 3303 modum
1300 3257 1358 3301 me
1382 3243 1419 3302 et

243 3341 352 3436 finem
368 3353 628 3429 transgressum
647 3365 688 3409 ea
701 3365 848 3430 quoque,
862 3365 953 3430 quae
969 3366 1095 3430 parum
1107 3352 1191 3430 apta
1204 3343 1417 3424 viderentur,

244 3449 486 3536 assumpsisse.
534 3451 708 3536 Congessi
744 3450 838 3516 enim
873 3473 933 3517 eos
966 3461 1105 3519 tantum
1129 3450 1233 3532 locos,
1269 3447 1330 3534 qui
1354 3455 1418 3513 aut

244 3557 432 3624 manifesto
460 3557 504 3623 ad
538 3559 736 3623 Homerum
765 3556 899 3624 aliosve
932 3558 1048 3645 epicos
1083 3566 1246 3641 spectant
1282 3563 1353 3637 aut,
1387 3553 1418 3618 si

244 3663 363 3729 minus
386 3672 546 3750 apertam
570 3663 805 3730 imitationem
829 3665 993 3751 produnt,
1022 3664 1170 3730 rariores
1194 3669 1288 3727 certe
1312 3681 1417 3726 voces

244 3771 301 3836 vel
329 3771 460 3837 formas
488 3773 659 3857 praebent
694 3771 902 3856 singulares,
937 3772 1012 3838 sive
1049 3771 1140 3850 quod
1176 3770 1243 3834 hae
1278 3788 1418 3853 semper

245 3877 391 3944 eandem
416 3877 452 3942 in
478 3878 671 3964 exemplari
695 3879 815 3944 sedem
835 3888 955 3944 tenent
971 3879 1046 3944 sive
1063 3876 1156 3962 quod
1172 3875 1255 3940 alibi
1273 3875 1417 3942 omnino

244 4006 315 4050 non
339 3994 490 4052 exstant.
538 3985 625 4050 Cum
650 4007 732 4051 vero
753 3985 993 4051 invenerimus
1014 3985 1058 4048 de
1079 3983 1254 4050 industria
1276 3991 1417 4069 poetam

245 4092 434 4178 exemplar,
469 4091 716 4178 quodcumque
740 4092 921 4180 expressit,
957 4104 1114 4157 mutasse
1139 4091 1182 4176 (e.
1208 4113 1243 4175 g.
1266 4091 1303 4155 in
1339 4089 1418 4155 sub·

244 4197 430 4264 stitutione
454 4222 486 4266 v.
511 4194 601 4284 235),
626 4199 755 4265 mirum
780 4220 857 4265 esse
880 4198 1012 4285 nequit,
1036 4198 1130 4284 quod
1155 4199 1223 4263 hoc
1239 4195 1418 4282 specimen

243 4305 513 4389 immutationis,
530 4305 609 4372 dico
626 4305 872 4389 inversionem,
895 4327 1000 4390 saepe
1017 4304 1194 4388 adhibuit3
1218 4304 1307 4369 haec
1323 4300 1417 4367 enim

244 4410 334 4478 ratio
359 4421 413 4479 est
436 4411 697 4499 simplicissima
722 4434 763 4477 ac
786 4411 964 4480 facillima.
