3382 5056
572 977 842 1081 Conspectus.

119 1201 157 1256 Α.
180 1199 229 1256 De
253 1198 422 1256 imitatione
445 1205 582 1255 veterum
605 1204 765 1273 poetarum
790 1197 947 1273 epicorum
963 1241 1185 1256 .....
1254 1197 1274 1256 2

195 1300 222 1364 Ι.
245 1305 293 1362 De
319 1305 435 1380 aliquot
458 1305 595 1362 locorum
611 1305 782 1379 complures
797 1321 901 1362 versus
917 1307 1186 1380 complectentium

291 1411 512 1487 compositione
535 1453 1185 1469 .............
1256 1411 1275 1470 5

183 1519 220 1578 ΙΙ.
243 1518 290 1577 De
316 1519 499 1594 singulorum
522 1535 663 1575 versuum
688 1519 908 1593 compositione
966 1561 1188 1576 .....
1238 1517 1276 1577 18

283 1626 302 1702 ξ
330 1626 355 1684 l.
402 1626 449 1682 De
474 1625 686 1683 substitutione
696 1666 1186 1688 ..........
1238 1624 1276 1684 18

285 1732 356 1809 §2
403 1733 450 1790 De
475 1732 644 1790 inversione
698 1774 1188 1789 ..........
1235 1730 1277 1790 26

286 1840 357 1915 §a
403 1841 452 1898 De
477 1839 683 1898 contractione
697 1881 1188 1897 ..........
1236 1837 1277 1898 34

286 1947 358 2022 §h
404 1947 453 2004 De
477 1947 654 2021 paraphrasi
697 1987 1187 2003 ..........
1235 1943 1277 2004 36

287 2053 359 2130 §h
404 2053 452 2112 De
477 2054 712 2129 amplificatione
753 2095 1189 2110 .........
1236 2049 1279 2110 42

286 2159 357 2236 §a
404 2161 452 2218 De
478 2161 736 2218 contaminatione
754 2201 1189 2217 .........
1236 2156 1278 2216 45

175 2268 226 2325 Ill.
250 2268 297 2325 De
322 2286 462 2325 versuum
486 2269 622 2343 partibus
645 2269 805 2343 assumptis
862 2308 1190 2327 .......
1237 2263 1279 2324 56

273 2375 357 2452 ¹51.
404 2373 453 2431 De
477 2374 675 2432 hemistichiis
700 2415 1188 2432 ..........
1236 2369 1279 2430 56

289 2480 359 2556 §2
405 2481 453 2538 De
477 2467 618 2538 versuum
642 2482 783 2538 clausulis
808 2521 1190 2540 ........
1237 2476 1279 2537 58

288 2588 359 2659 ξδ.
405 2588 453 2645 De
477 2606 617 2645 versuum
642 2587 732 2645 initiis
753 2628 1190 2647 .........
1238 2584 1275 2643 61

289 2696 360 2771 §h
406 2695 454 2753 De
479 2713 619 2752 versuum
642 2695 750 2752 mediis
775 2695 910 2770 partibus
969 2735 1191 2754 .....
1239 2691 1280 2751 70

172 2803 226 2860 lV.
249 2803 297 2860 De
323 2803 444 2878 singulis
468 2802 624 2859 vocabulis
649 2841 1191 2858 ...........
1240 2798 1280 2858 79

124 2911 159 2967 Β.
184 2909 232 2968 De
256 2911 418 2968 novatione
442 2911 603 2966 verborum
646 2950 1191 2965 ...........
1239 2904 1280 2965 82

290 3016 361 3091 ξῙ.
406 3016 454 3073 De
478 3015 636 3073 vocabulis
660 3016 848 3091 singulariter
870 3015 1031 3074 formatis.
1078 3057 1084 3072 .
1131 3057 1138 3072 .
1185 3057 1192 3071 .
1239 3013 1282 3073 83

290 3122 362 3198 52.
407 3123 456 3179 De
481 3123 637 3180 vocabulis
661 3122 800 3197 singulari
824 3122 948 3180 notione
973 3121 1138 3180 adhibitis.
1185 3165 1192 3178 .
1239 3120 1282 3180 90
