3382 5056
657 376 920 444 -15-·

179 595 276 662 illius
316 594 421 663 cardo
460 594 619 662 vertitur.
677 595 844 679 Namque
882 593 976 680 apud
1012 596 1212 664 Homerum
1252 614 1357 663 voces

178 704 401 790 ἐπασσύτερον
428 701 476 788 (v.
502 696 578 782 423)
611 710 647 766 et
675 701 892 787 ἐπασσύτεραι
919 704 963 784 (v.
988 699 1068 790 427)
1095 705 1274 791 leguntur,
1310 700 1355 767 ad

180 831 269 896 quas
288 809 420 875 formas
436 808 505 876 Th.
521 805 566 874 88
582 809 679 874 ἄλλοι
696 796 753 872 ἐπ’
769 808 896 889 ἄλλοις,
920 806 963 872 94
987 810 1092 876 ἄλλα.
1111 865 1117 879 .
1134 863 1142 878 .
1166 800 1224 877 ἐπ’
1247 810 1360 886 ἄλλοις

179 925 354 1002 spectant.
403 915 539 984 Eodem
565 924 686 981 autem
710 913 816 979 modo
840 935 861 978 a
886 913 1065 982 veteribus
1089 916 1178 983 illud
1207 915 1358 985 vocabu-

180 1023 255 1089 lum
294 1022 524 1089 Homericum
536 1027 557 1104 ¹)
592 1020 814 1089 intellectum
850 1041 927 1086 esse
962 1042 1176 1108 cognoscere
1202 1023 1286 1089 licet
1313 1043 1358 1088 ex

180 1129 304 1196 lexicis
333 1128 512 1216 Apollonii
546 1139 582 1196 et
612 1126 784 1212 Hesychii
817 1125 1023 1216 ε’πασσύτερα
1049 1128 1358 1217 interpretantium

181 1236 273 1302 ἄλλοι
309 1225 368 1302 εἰτ’
403 1237 525 1315 ἄλλοις.
575 1238 759 1324 Praeterea
788 1234 832 1299 de
862 1233 1016 1301 nubibus
1047 1246 1154 1322 atque
1182 1237 1226 1302 de
1253 1233 1358 1302 undis

183 1342 306 1408 eadem
335 1341 419 1408 sede
450 1362 573 1409 versus
603 1340 762 1408 adhibita
791 1351 845 1407 est
868 1341 990 1408 eadem
1024 1343 1137 1409 forma
1159 1339 1359 1429 κορύσσεται,

183 1448 276 1536 quod
305 1449 454 1516 verbum
484 1448 553 1514 hac
581 1447 724 1515 notione
750 1457 961 1534 usurpatum
990 1447 1027 1514 in
1056 1448 1183 1516 litteris
1212 1447 1358 1516 Graecis

180 1577 259 1622 raro
295 1564 422 1624 exstat.
471 1555 650 1639 Quoniam
686 1542 805 1621 autem
842 1576 886 1620 ex
916 1555 1157 1642 compluribus
1186 1555 1358 1643 exemplis

181 1672 336 1749 apparet,
372 1684 478 1748 quem
513 1661 557 1728 ad
593 1661 739 1728 modum
776 1671 882 1748 poeta
917 1683 962 1726 ex
999 1665 1156 1729 Homero
1191 1662 1358 1745 hauserit,

182 1769 290 1836 etiam
315 1769 352 1835 in
376 1769 444 1835 hac
467 1767 700 1835 similitudine
724 1768 786 1834 vix
809 1766 1017 1835 mirabimur
1040 1769 1133 1856 quod
1158 1790 1229 1835 non
1252 1768 1360 1856 plane

181 1875 306 1942 eadem
345 1875 522 1942 sententia
562 1884 669 1960 atque
713 1873 806 1960 apud
847 1876 1045 1942 Homerum
1089 1896 1255 1963 expressa
1293 1884 1357 1942 est.

183 1981 328 2051 Etenim
354 2003 434 2049 cum
459 1982 495 2048 in
521 1981 644 2047 Iliadis
668 1981 746 2046 loco
770 2002 851 2047 cum
875 1982 980 2049 undis
1005 1983 1159 2070 zephyro
1181 1980 1359 2068 propulsis

181 2089 408 2156 conferantur
442 2088 582 2155 ordines
616 2085 821 2154 Danaorum
857 2090 900 2155 ad
938 2110 1098 2176 pugnam
1132 2087 1360 2176 cupidissime

181 2195 411 2278 currentium,
434 2196 493 2262 hic
516 2195 638 2282 copiae
662 2195 770 2262 boum
795 2194 832 2261 in
849 2197 991 2263 stabula
1006 2195 1261 2264 revertentium
1277 2217 1359 2263 cum

182 2302 336 2369 nubibus
354 2300 543 2368 imbriferis
560 2301 603 2368 fit
615 2303 843 2388 comparatio,
890 2303 1008 2388 Atque
1026 2303 1134 2369 etiam
1151 2303 1188 2368 in
1206 2301 1359 2389 singulis

182 2419 288 2496 poeta
312 2407 577 2474 Alexandrinus
594 2409 638 2473 ab
656 2408 849 2495 exemplari
866 2409 1023 2474 recessit:
1049 2410 1228 2475 Homerus
1245 2408 1359 2475 undas

182 2516 269 2583 iacit
297 2515 507 2583 festinantes
530 2512 682 2607 Ζεφύρου
708 2517 779 2580 ύττο
802 2511 1001 2604 κινήσαντος,
1025 2513 1084 2580 hic
1112 2515 1224 2581 nubes
1252 2513 1360 2600 fingit

183 2623 289 2689 modo
313 2635 435 2690 austro
459 2623 564 2689 modo
589 2621 756 2708 aquilone
779 2621 946 2707 agitatas
980 2621 1030 2689 ita
1055 2631 1096 2688 ut
1120 2631 1196 2688 tum
1220 2641 1359 2708 praece·

182 2729 270 2796 dant
305 2740 439 2797 ceteras
475 2739 551 2825 tum
583 2729 627 2796 ab
655 2729 699 2795 iis
728 2740 948 2816 superentur.
997 2727 1136 2795 Deinde
1159 2727 1359 2815 particulas,

183 2858 205 2902 a
239 2835 368 2921 quibus
402 2835 618 2923 comparatio
653 2845 690 2901 et
725 2835 890 2923 apodosis
925 2836 1095 2924 pendent,
1130 2857 1202 2901 non
1238 2857 1282 2901 ex
1317 2855 1359 2901 eo

184 2942 333 3010 Homeri
356 2943 443 3025 loco,
467 2942 527 3029 qui
544 2943 580 3008 in
598 2942 804 3010 universum
822 2943 854 3008 ei
871 2944 1053 3029 exemplar
1069 2952 1153 3025 erat,
1176 2941 1361 3009 arcessivit

183 3049 245 3116 sed
267 3048 419 3116 aliunde.
460 3051 543 3116 ἅσσα
558 3073 601 3132 τε,
622 3069 837 3135 quamquam
853 3049 890 3114 in
908 3048 1171 3136 comparatione
1187 3048 1271 3115 alibi
1287 3070 1360 3116 non

183 3155 344 3238 occurrit,
368 3164 488 3223 tamen
513 3156 636 3222 eadem
660 3155 743 3222 sede
766 3177 890 3223 versus
911 3154 1085 3243 reperitur
1101 3163 1135 3224 K
1148 3151 1359 3223 20822409.

183 3262 316 3330 Contra
351 3263 477 3329 vocula
517 3259 618 3330 τόσσα
657 3264 694 3328 in
734 3262 969 3331 similitudine
1009 3263 1053 3330 ad
1092 3262 1359 3330 multitudinem

183 3368 431 3436 illustrandam
464 3369 624 3436 adhibita
653 3379 707 3436 est
742 3365 872 3451 o5603
906 3362 984 3461 ὅσση
998 3359 1143 3436 -τόσσ>
1170 3369 1215 3436 ad
1247 3367 1361 3454 longi·

184 3475 345 3542 tudinem
362 3484 397 3542 et
419 3475 646 3543 latitudinem
669 3485 834 3563 spectans
862 3479 893 3542 Ω
915 3473 991 3544 317.
1016 3472 1091 3544 319.
1139 3475 1360 3543 Obversatus

182 3593 305 3649 autem
334 3591 389 3648 est
415 3592 542 3669 poetae
570 3582 607 3648 in
631 3603 737 3649 versu
762 3579 804 3647 91
829 3582 1073 3670 componendo
1096 3582 1186 3648 alter
1210 3579 1361 3647 Homeri

184 3710 308 3757 versus
334 3687 402 3771 15,
427 3711 497 3775 quo
520 3689 566 3756 de
588 3689 706 3756 ventis
730 3689 860 3757 dicitur

291 3815 421 3898 Βορρῆς
443 3816 497 3880 καὶ
520 3816 675 3898 Ζέφυρος,
698 3817 744 3880 τώ
767 3840 798 3878 τε
825 3815 997 3900 Θρῄκηθεν
1020 3817 1123 3898 ἄητον.

183 3938 275 4006 Cum
302 3938 397 4005 nube
427 3937 470 4004 fit
499 3937 622 4005 turbae
649 3937 837 4005 hominum
865 3939 1095 4026 comparati0,
1127 3938 1188 4004 sed
1218 3960 1260 4005 ea
1288 3959 1360 4004 non

183 4044 425 4132 compluribus
450 4044 568 4112 verbis
593 4045 784 4132 explanata
808 4054 871 4113 aut
893 4045 1070 4114 illustrata
1094 4050 1126 4114 A
1149 4041 1215 4110 274

296 4328 322 4417 ¹)
344 4332 413 4391 vide
438 4332 584 4403 Curtium,
607 4332 788 4410 Grundmige
813 4335 868 4392 der
890 4334 1001 4410 griecb.
1024 4334 1144 4412 Etym.⁵
1165 4351 1195 4411 p.
1222 4332 1291 4394 191.
