3382 5056
669 353 869 423 -9-

175 567 392 655 exemplaris
427 568 617 636 admodum
654 591 767 656 pauca
795 571 936 658 recepit,
970 571 1080 640 immo
1107 573 1227 642 dedita
1249 595 1357 662 opera

179 673 320 742 videtur
342 684 500 742 mutasse
522 676 630 743 verba
648 687 684 744 et
700 676 770 743 alia
786 677 931 745 aliunde
947 679 1018 746 huc
1034 680 1192 748 traxisse.
1238 683 1356 768 Atque

179 802 224 847 ex
251 781 495 849 recordatione
521 783 671 850 Homeri
701 783 888 871 usurpavit
911 785 948 851 in
971 787 1171 872 pangendis
1194 787 1356 855 versibus

174 888 287 955 etiam
324 889 434 955 alium
464 889 591 974 locum,
627 912 697 977 quo
726 890 854 958 similis
880 913 999 960 rerum
1029 893 1187 960 condicio
1216 894 1356 983 depicta

104 1048 107 1054 ,
173 1004 242 1078 est,
265 995 345 1062 dico
369 1017 494 1064 versus
517 1021 549 1063 π
571 994 659 1063 4-6

289 1104 473 1189 Τηλέμαχον
496 1105 531 1170 δὲ
552 1108 751 1189 περίσσαινον
774 1109 867 1179 κύνες
890 1107 1098 1191 ὑλακόμωροι

284 1211 355 1275 οὐδ’
371 1213 478 1277 ’ὕλαον
499 1213 689 1296 προσιόντα·
724 1214 819 1298 νόησε
842 1214 877 1278 δὲ
901 1214 968 1285 δῖος
986 1213 1159 1286 Ὀδυσσεὺς

285 1319 447 1390 σαίνοντάς
468 1344 500 1384 τε
521 1320 628 1394 κύνας,
651 1322 725 1403 περί
743 1345 776 1385 τε
797 1321 916 1391 κτύπος
938 1320 1018 1404 ἦλθε
1039 1321 1171 1386 ποδοῖιν.

173 1421 259 1506 Quo
291 1423 341 1507 fit,
374 1433 415 1490 ut
446 1424 484 1490 in
517 1448 551 1493 v.
575 1422 708 1491 68-72
738 1425 847 1493 verba
879 1437 916 1492 et
948 1449 992 1492 ex
1023 1431 1042 1502 ξ
1071 1423 1115 1493 29
1142 1449 1215 1514 sqq.
1239 1437 1275 1494 et
1309 1443 1354 1494 ex

171 1555 208 1594 π
227 1529 249 1593 4
269 1551 342 1616 sqq.
368 1531 482 1617 petita
497 1532 732 1619 reperiantur;
756 1541 841 1600 sunt
857 1541 977 1600 autem
994 1535 1051 1600 vel
1068 1529 1212 1621 prorsus
1228 1534 1352 1602 eadem

176 1635 231 1701 vel
258 1637 417 1704 eiusdem
441 1637 560 1726 stirpis
584 1639 687 1706 haec:

171 1765 207 1812 v.
232 1740 275 1810 68
298 1741 392 1824 κόνις
415 1783 458 1795 -
483 1750 502 1821 ξ
524 1742 567 1811 29
591 1774 621 1812 π
644 1745 666 1811 4

299 1848 571 1940 προσιόντας-
595 1850 780 1943 προσιόντα
805 1853 879 1920 πό

173 1980 207 2025 v.
232 1955 275 2024 69
298 1962 437 2028 ποδοῖιν
463 1999 498 2010 -
527 1988 557 2027 π
580 1957 600 2027 6

168 2089 209 2133 ·v.
234 2061 277 2132 70
300 2067 489 2156 ἐπέδραμον
515 2106 554 2117 -
581 2073 599 2144 ξ
621 2064 665 2135 30

298 2176 439 2242 ἄλλοθεν
462 2177 561 2256 ἄλλος
584 2214 625 2224 -
650 2178 781 2257 ἄλλυδις
802 2177 901 2243 ἄλλον
924 2181 942 2252 ξ
965 2173 1008 2242 36

173 2302 210 2349 v.
234 2277 278 2346 72
301 2279 421 2363 κλόζον
444 2321 486 2332 —-
509 2283 711 2373 κεκληγιῖιτες
734 2288 753 2359 ξ
775 2280 820 2350 30

296 2389 567 2476 περίσσαινον-
593 2417 623 2455 π
645 2386 675 2455 4.

167 2494 244 2562 Sed
270 2495 377 2563 etiam
402 2497 481 2563 aliis
506 2495 623 2564 verbis
646 2496 740 2562 idern
764 2494 1053 2582 significantibus
1077 2495 1290 2562 sententiam
1306 2518 1351 2562 ex

173 2603 333 2671 Homero
368 2603 534 2671 haustam
570 2602 754 2692 expressit,
788 2603 824 2669 id
861 2603 955 2689 quod
991 2601 1159 2690 colligere
1190 2601 1274 2668 licet
1306 2624 1351 2668 ex

171 2709 271 2777 hisce
294 2710 484 2798 exemplis:
506 2733 570 2798 pro
594 2715 829 2803 ἐξαπίνης...
854 2712 924 2778 ἴδον
946 2714 979 2794 (ξ
992 2706 1051 2798 29)
1071 2708 1257 2778 substituit
1271 2700 1350 2795 αἶψ’

166 2810 309 2908 ἐνόησαν
341 2817 394 2905 (ci
425 2824 455 2884 P
478 2815 699 2903 1162682),
733 2818 898 2886 similiter
932 2828 1072 2886 mutata
1105 2827 1189 2886 sunt
1223 2813 1351 2897 κτύπος

169 2930 215 3005 (π
228 2921 264 3012 6)
280 2924 317 2990 in
335 2921 455 3014 δοίπιρ
471 2926 523 3007 (cf.
537 2951 569 2992 π
582 2922 645 3009 10),
667 2917 879 3012 όλακόμωροι
895 2929 925 3007 (ξ
939 2921 983 2991 29
999 2950 1031 2992 π
1045 2923 1079 3012 4)
1102 2925 1140 2992 in
1163 2923 1350 2993 θεσπέσιον

171 3021 336 3111 ildonea
383 3033 426 3096 In
460 3055 494 3098 v.
523 3028 656 3097 73-75
690 3030 943 3118 componendis
975 3031 1091 3098 solum
1126 3036 1144 3107 ξ
1171 3028 1214 3096 35
1242 3041 1278 3098 et
1305 3027 1348 3096 36

171 3147 318 3204 secutus
342 3147 410 3215 est;
436 3148 555 3205 tamen
581 3138 708 3205 horum
732 3138 840 3207 verba
864 3137 1042 3224 copiosius
1063 3137 1297 3224 amplificavit
1313 3147 1349 3204 et

170 3243 359 3311 exornavit

164 3358 325 3437 ,πυκνῇσιν
347 3354 525 3420 λιθάδεσσιν
549 3352 580 3442 (ξ
603 3349 659 3438 36)
683 3391 725 3400 -
748 3355 871 3418 λάεσσιν
886 3352 951 3416 ἀπὸ
962 3351 1215 3435 χόονόςόσσονῑ)
1232 3353 1348 3435 ἀείρων

169 3466 260 3525 σεῦεν
282 3464 315 3541 (ξ
334 3455 391 3543 35)
681 3499 727 3509 -
748 3462 904 3544 φευγέμεν
999 3459 1165 3523 δειδίσσετο

165 3567 354 3652 -όμοκλήσας
376 3568 410 3653 (ξ
428 3563 486 3655 35)
681 3604 726 3615 -
749 3567 849 3651 τρηχὺ
873 3567 907 3630 δὲ
930 3573 1026 3650 φωνῇ
1049 3567 1163 3650 ἠπείλει

168 3674 190 3737 ό
214 3675 249 3738 δὲ
270 3678 454 3757 προσέειπεν
476 3676 510 3760 (ξ
529 3670 586 3757 36)
681 3710 725 3721 -
749 3677 825 3744 ἔπος
848 3674 880 3737 δ’
907 3674 961 3756 όγε
983 3680 1068 3738 τοῖον
1091 3675 1198 3737 ἔειπεν.

172 3779 292 3846 Huius
322 3802 426 3867 quem
459 3791 652 3848 tractamus
676 3779 743 3847 loci
767 3801 892 3847 versus
916 3775 969 3845 76.
993 3775 1036 3844 77
1061 3789 1097 3846 et
1120 3773 1173 3844 78.
1197 3775 1241 3844 79
1265 3799 1346 3846 cum

281 3962 305 4041 ¹)
338 3963 467 4039 Nequeo
502 3964 678 4040 adstipulari
712 3963 884 4026 Fritzschio.
920 3963 1037 4022 Hillero
1073 3965 1127 4029 al..
1162 3963 1214 4038 qui
1250 3947 1346 4024 ὅσσον

168 4052 254 4128 quasi
286 4053 335 4110 vel
373 4062 483 4111 tantum
522 4053 701 4111 vertendum
739 4071 807 4112 esse
846 4053 986 4121 iubeant,
1029 4053 1082 4109 sed
1124 4051 1345 4119 Hermanuum,

170 4159 274 4217 opusc.
299 4141 370 4198 Vlll
393 4161 422 4218 p.
446 4141 510 4203 323
539 4151 623 4201 recte
646 4142 815 4200 reddidisse
839 4151 976 4218 quantum
999 4140 1126 4218 lapidum
1149 4140 1240 4199 tollere
1261 4141 1345 4198 humo

156 4231 286 4306 potumi
307 4231 381 4288 mihi
404 4232 528 4306 quidem
552 4250 569 4290 e
592 4249 668 4290 voce
693 4232 860 4290 Homerica
883 4222 1017 4305 πικνός,
1045 4249 1137 4306 quam
1160 4237 1253 4307 poeta
1276 4246 1346 4305 pro·

168 4317 250 4379 lecto
274 4321 355 4396 legit,
378 4323 499 4378 elucere
522 4321 648 4378 videtur.
