3434 5036
798 369 1019 438 ..16-

431 588 476 652 τὼ
500 589 536 652 δὲ
558 589 786 671 κορυσσέσθην,
810 589 878 670 ἅμα
902 587 937 651 δὲ
958 588 1056 670 νέφος
1077 589 1177 650 elireto
1199 589 1307 661 πεζῶν

324 693 417 780 (sim.
442 695 483 758 Π
501 691 543 759 66
574 691 711 776 Ψ133).

324 799 472 868 Accedit
486 801 580 887 quod
594 822 656 888 pro
669 790 775 886 ὄρνυτ’
787 800 919 868 locavit
932 793 1015 867 εἶσιν
1025 790 1226 885 ἐλαυνόμενα
1242 798 1505 867 abundantiore

326 928 456 994 genere
485 908 624 975 dicendi
653 929 756 986 usus;
791 908 1000 974 observetur
1029 916 1150 973 autem
1173 906 1211 972 in
1236 905 1383 972 Homeri
1408 927 1504 972 com·

324 1013 569 1101 parationibus
595 1016 796 1102 frequentes
821 1035 897 1080 esse
922 1012 1020 1079 verbi
1044 1009 1128 1080 ίὲναι
1152 1013 1282 1079 formas
1303 1014 1504 1100 praesentis

324 1119 398 1186 vim
422 1121 620 1208 prodentes.
670 1124 724 1187 De
753 1120 906 1206 singulis
922 1119 1040 1187 verbis
1056 1119 1228 1186 nonnulla
1244 1120 1280 1185 in
1297 1119 1375 1187 aliis
1391 1120 1504 1188 huius

325 1227 543 1315 quaestionis
567 1228 743 1315 capitibus
768 1227 916 1294 dicenda
941 1237 1055 1294 erunt.

431 1334 554 1401 Altera
566 1334 761 1400 similitudo
774 1332 946 1400 eiusmodi
960 1332 1158 1420 explicatur
1170 1333 1331 1401 versibus
1346 1330 1412 1399 247
1423 1355 1502 1421 sqq.

431 1445 478 1514 ὡς
502 1432 531 1507 δ’
554 1444 630 1508 ὅταν
653 1442 880 1526 ἁρματοπηγὸς
902 1442 982 1526 ἀνὴρ
1005 1444 1130 1507 πολέων
1153 1443 1232 1524 ἴδρις
1254 1443 1358 1524 ἔργων

431 1551 577 1633 ὄρπηκας
599 1550 777 1633 κάμπτῃσιν
800 1551 920 1632 ἐρινεοῦ
943 1551 1113 1623 εὐκεάτοιο,

431 1657 562 1739 θάλφας
584 1657 618 1720 ἐν
639 1656 717 1737 πυρὶ
738 1662 875 1738 πρώτω,
899 1657 1057 1738 ε’παξονίῳ
1078 1656 1182 1719 κύκλα
1206 1657 1330 1738 δίφρῳ·

340 1757 409 1828 250
431 1769 486 1828 τοῦ
509 1764 569 1846 μέν
591 1763 672 1827 ὑπὲκ
695 1768 810 1845 χειρῶν
833 1764 950 1845 ἔφυγεν
972 1763 1161 1845 τανύφλοιος
1184 1763 1286 1843 ἐρινύς

433 1870 664 1953 καμπτόμενος,
687 1870 782 1952 τηλοῦ
807 1869 841 1933 δὲ
863 1876 921 1953 μιῇ
943 1870 1066 1953 πήδησε
1089 1869 1145 1933 σὺν
1168 1870 1274 1952 ὁρμῇ·

433 1979 480 2048 ὣς
503 1965 552 2040 ἐπ’
575 1977 646 2059 ἐμοὶ
668 1977 714 2047 λῖς
737 1975 824 2047 αι’νδς
846 1976 1033 2059 ἀπόπροθεν
1056 1975 1179 2059 ἀθρόος
1202 1973 1276 2039 ἆλτο

431 2085 593 2167 μαιμώων
615 2083 713 2166 χροὸς
733 2081 813 2146 ἆσαι.

326 2191 427 2256 Haec
450 2209 590 2274 quoque
613 2187 802 2275 descriptio
827 2209 870 2254 ex
889 2189 1045 2253 Homero
1063 2186 1175 2274 petita
1193 2197 1247 2254 est
1263 2195 1298 2255 et
1313 2210 1360 2254 ex
1376 2188 1501 2255 eodem

325 2285 446 2362 Iliadis
468 2294 558 2361 libro
582 2301 613 2362 Δ
637 2319 669 2362 v.
693 2293 758 2360 482
781 2316 855 2381 sqq.

568 2404 587 2468 ὁ
611 2394 640 2468 δ’
664 2405 697 2468 έν
719 2405 841 2487 κονίῃσι
863 2403 963 2487 χαμαί
984 2405 1078 2468 πέσεν
1101 2406 1236 2487 αἴγειρος
1258 2405 1312 2477 ὥς,

431 2513 452 2594 ἤ
475 2512 517 2595 ῥά
539 2499 565 2574 τ’
589 2512 622 2575 ἓν
645 2513 774 2594 εἱαμενῇ
797 2511 882 2581 ἔλεος
903 2510 1053 2593 μεγάλοιο
1075 2512 1202 2594 πεφύκῃ

431 2619 505 2702 λείη,
529 2619 607 2701 ἀτάρ
630 2619 663 2681 τέ
687 2619 717 2680 οἱ
740 2619 808 2692 ὄζοι
832 2608 880 2680 ἐπ’
905 2619 1061 2700 ἀκροτάτη
1084 2618 1259 2700 πεφύασιν·

342 2721 407 2790 485
429 2725 486 2809 τὴν
507 2726 567 2806 μέν
590 2711 624 2786 θ’
649 2721 875 2805 ἁρματοπηγὸς
897 2722 978 2804 ἀνὴρ
1002 2724 1118 2788 αἴθωνι
1141 2725 1263 2807 σιδήρῳ

433 2817 565 2911 ἐξέταμ’,
590 2830 678 2911 ὄφρα
701 2830 766 2893 ίτυν
788 2831 904 2912 κάμφγγ
927 2830 1103 2912 περικαλλέι
1127 2831 1254 2915 δίφρῳ·

433 2938 452 3019 ἡ
476 2937 535 3017 μέν
557 2925 584 2999 τ’
608 2937 746 3019 ἀζομένη
770 2943 866 3000 κεῖται
888 2943 1044 3020 ποταμοῖο
1066 2927 1144 3021 παρ’
1167 2939 1278 3021 ὄχθας.

431 3049 515 3108 τοῖον
538 3033 591 3126 ἄρ’
615 3032 802 3127 Ἀνθεμίδην
823 3044 1003 3126 Σιμοείσιον
1026 3046 1200 3128 ἐξενάριξεν

431 3150 512 3221 Αἴας
536 3151 686 3234 διογενής.

325 3256 380 3322 Ad
404 3256 705 3342 comparationem
734 3255 830 3320 enim
859 3254 1039 3322 adhibitus
1068 3266 1122 3322 est
1150 3257 1402 3343 carpentarius,
1437 3257 1498 3344 qui

325 3385 464 3430 ramum
502 3364 561 3430 vel
600 3365 782 3429 surculum
822 3372 948 3430 curvat
982 3363 1025 3429 ad
1062 3385 1204 3430 currum
1240 3363 1499 3430 conficiendum

328 3477 371 3556 (A
394 3467 469 3537 485.
495 3467 560 3535 486
586 3480 621 3536 et
638 3470 705 3536 Th.
721 3466 922 3554 247-249).
962 3471 1032 3538 Sed
1050 3471 1137 3537 alias
1154 3493 1209 3537 res
1227 3471 1378 3537 contulit
1391 3479 1499 3557 poeta

325 3589 432 3665 atque
458 3565 652 3654 Homerus3
688 3599 758 3642 non
789 3578 883 3642 enim
912 3588 952 3643 ut
980 3579 1015 3642 in
1046 3577 1156 3644 Iliade
1185 3578 1372 3644 arbuscula
1396 3599 1498 3644 caesa

328 3686 371 3752 ad
396 3686 660 3752 adulescentem
683 3685 868 3770 repentina
891 3694 1005 3751 morte
1028 3694 1247 3772 pereuntem,
1281 3685 1342 3750 sed
1377 3705 1500 3751 ramus

326 3801 494 3859 curvatus
518 3793 561 3858 de
584 3791 749 3858 manibus
773 3791 939 3878 delapsus
965 3792 1008 3857 ad
1033 3793 1146 3859 leonis
1170 3792 1351 3859 incursum
1378 3791 1498 3878 depin-

327 3897 484 3986 gendum
501 3898 545 3964 ab
563 3921 603 3965 eo
620 3908 822 3986 usurpatur,
838 3920 944 3985 quam
956 3899 1257 3986 comparationem
1269 3898 1498 3984 singularem,

325 4026 417 4093 quae
440 4027 555 4091 neque
578 4006 615 4071 in
638 4005 785 4072 Homeri
810 4005 1024 4073 carminibus
1048 4028 1163 4093 neque
1186 4005 1271 4072 alibi
1293 4004 1498 4092 reperiatur,

325 4113 368 4179 de
397 4132 462 4179 suo
485 4111 570 4197 quin
594 4112 738 4180 finxerit
760 4113 848 4178 mihi
871 4134 943 4178 non
964 4112 1113 4180 dubium
1132 4121 1195 4180 est.
1243 4111 1338 4197 Quid
1358 4111 1498 4194 mirum,

324 4219 418 4309 quod
462 4219 561 4285 nulla
602 4218 658 4285 bis
697 4218 988 4288 similitudinibus
1027 4221 1135 4289 verba
1173 4229 1258 4285 sunt
1295 4217 1498 4286 communia

323 4337 463 4415 praeter
497 4316 736 4417 ἁρματοπηγὸς
772 4317 854 4416 άνῇρ
889 4337 925 4394 et
958 4329 1060 4418 δίφρῳ
1095 4327 1217 4394 eadem
1252 4347 1377 4395 versus
1414 4324 1499 4391 sede
