3382 5056
491 1166 545 1234 tv.
570 1167 622 1236 De
645 1165 800 1253 singulis
823 1165 1024 1236 vocabulis.

279 1383 321 1446 Iu
346 1381 413 1447 hoc
436 1379 552 1468 capite
568 1379 689 1466 agitur
704 1379 749 1446 de
767 1379 810 1446 iis
827 1379 1018 1463 vocabulis,
1043 1402 1167 1467 quaec
1183 1391 1345 1449 veterum

163 1485 347 1576 epicorum
371 1485 586 1554 carminibus
602 1487 714 1574 petita
731 1486 853 1553 eadem
867 1497 974 1574 atque
990 1487 1085 1576 apud
1100 1489 1179 1555 illos
1197 1489 1343 1556 notione

164 1592 328 1661 adhibita
351 1603 446 1660 sunt.

275 1699 356 1770 Etsi
371 1700 464 1768 inter
481 1710 650 1788 tempora,
667 1700 795 1786 quibus
812 1709 973 1767 veterum
992 1701 1170 1788 epicorum
1189 1702 1345 1768 carmina

166 1816 205 1874 et
228 1807 339 1874 nostri
358 1817 484 1894 poetae
501 1809 713 1895 opusculum
731 1805 927 1894 composita
944 1817 1036 1890 sunt,
1060 1807 1155 1874 haud
1170 1809 1343 1895 exiguum

168 1913 325 2000 spatium
349 1913 544 1998 intercedit,
569 1925 687 1982 tamen
711 1913 945 1982 inveniuntur
967 1914 1005 1980 in
1027 1915 1096 1982 hoc
1115 1915 1270 1982 carmine
1285 1916 1347 1982 ali·

159 2030 257 2107 .quot
281 2042 385 2088 voces
410 2020 530 2108 epicae
560 2022 604 2088 ab
628 2020 724 2088 illius
749 2021 919 2108 temporis
948 2020 1148 2109 interpositi
1171 2022 1347 2110 scriptori·

167 2128 245 2210 bus,
278 2149 427 2214 quorum
464 2127 607 2214 quidem
631 2129 711 2196 libri
740 2129 784 2196 ad
809 2150 874 2196 nos
898 2129 1135 2216 pervenerint,
1169 2150 1346 2216 nusquam

168 2245 370 2321 usurpatae.
417 2238 589 2302 Necnon
613 2246 802 2302 occurrunt
826 2237 1000 2303 vocabula
1024 2236 1132 2323 epica,
1157 2258 1249 2324 quae
1273 2259 1345 2304 non

166 2341 285 2408 aliena
309 2342 451 2428 quidem
476 2351 561 2409 sunt
584 2343 628 2409 ab
644 2343 713 2408 illis
729 2343 969 2428 scriptoribus,
993 2344 1055 2408 sed
1072 2363 1152 2408 cum
1169 2342 1264 2428 apud
1280 2343 1347 2409 hos

167 2447 275 2515 aliam
288 2449 469 2516 notionem
483 2449 672 2532 induerint,
685 2471 705 2516 a
718 2449 830 2516 nostri
844 2447 1009 2514 carminis
1021 2461 1127 2534 poeta
1140 2449 1263 2514 eadem
1276 2469 1346 2534 qua

169 2556 215 2622 ab
239 2555 346 2644 epicis
370 2556 522 2624 vetustis
546 2556 768 2623 adhibentur,
816 2557 903 2622 illae
926 2564 1046 2622 autem
1070 2575 1184 2638 voces,
1207 2553 1244 2620 in
1273 2553 1347 2640 qui·

169 2663 236 2728 bus
259 2662 412 2731 imitatio
436 2661 610 2750 quaedam
635 2663 822 2730 manifesto
845 2661 1061 2748 agnoscitur,
1091 2682 1226 2748 paucae
1249 2669 1344 2728 sunt.

169 2771 212 2835 In
236 2769 364 2854 quibus
388 2771 637 2838 enumerandis
662 2793 730 2853 eas,
761 2791 851 2856 quae
879 2770 924 2836 ab
953 2769 1031 2835 aliis
1061 2790 1202 2856 quoque
1230 2768 1345 2856 poetis

168 2876 431 2944 Alexandrinae
456 2878 582 2944 aetatis
599 2877 779 2944 adhibitae
796 2887 888 2958 sunt,
912 2876 1015 2944 omisi
1032 2886 1226 2964 propterea,
1250 2877 1344 2964 quod

171 2982 249 3050 fieri
272 2983 399 3071 potuit,
424 2992 464 3050 ut
487 2984 660 3050 eiusmodi
685 2984 793 3050 verba
816 2983 887 3051 iam
913 2994 995 3052 ante
1019 2993 1181 3051 nostrum
1202 2995 1345 3071 poetam

166 3089 214 3156 ab
237 3089 307 3157 illis
330 3090 559 3180 scriptoribus
584 3092 754 3158 translata
779 3101 841 3158 aut
866 3091 1123 3160 consuetudine
1139 3090 1234 3158 illius
1252 3102 1345 3160 aeta-

168 3196 217 3264 tis
242 3197 324 3266 trita
346 3210 476 3266 essent.

314 3475 346 3548 a)
370 3468 552 3534 Vocabula
575 3477 659 3534 sunt
683 3466 772 3533 haec
795 3467 983 3553 desumpta
1007 3489 1051 3532 ex
1076 3465 1199 3552 epicis:

321 3625 341 3693 8
365 3625 456 3714 βόσιξ
541 3631 647 3694 Hom.
667 3630 695 3692 Τ
711 3624 776 3694 268
801 3628 925 3715 (ἅπαξ).
1012 3689 1014 3696 ,

277 3732 342 3800 102
366 3739 516 3820 ἒὺτμητος
545 3737 655 3804 Hom,
670 3736 708 3799 K
718 3730 791 3801 567,
821 3737 852 3798 Φ
874 3731 929 3817 30;
958 3735 998 3797 H
1016 3730 1088 3798 304.
1120 3735 1154 3797 Ψ
1171 3729 1244 3796 684.
1270 3729 1344 3798 825.

278 3840 344 3910 140
367 3846 463 3910 ἐίσκω
544 3845 723 3909 Homerus
748 3864 863 3929 saepe,
887 3841 955 3907 alii.

278 3947 344 4014 143
368 3952 516 4034 ἕπορούω
545 3953 735 4033 Homerus,
758 3949 826 4016 alii.

277 4053 341 4123 161
366 4058 430 4142 ἧκα
543 4060 732 4142 Homerus
756 4057 823 4124 alii.

279 4160 342 4230 189
366 4168 511 4249 ἕξερωέω
544 4167 650 4233 Hom.
674 4167 709 4230 Ψ
725 4162 791 4231 468
815 4165 933 4253 (ἅπαξ).

276 4268 341 4338 235
364 4275 524 4360 προιάλλω
542 4275 650 4340 Hom.
671 4273 701 4339 Θ
723 4268 796 4338 365.
820 4273 851 4336 Α
874 4268 903 4338 3.
928 4276 946 4346 ξ
968 4269 1019 4336 18.
1045 4296 1063 4337 ο
1087 4265 1161 4335 370,
