3434 5036
800 330 1022 398 ..10-

326 545 523 632 exemplari
547 543 583 611 in
608 544 698 611 libro
722 550 740 621 ξ
755 557 893 632 praeter
909 547 1112 616 universam
1129 549 1284 617 indolem
1302 548 1504 619 eommunia

327 652 462 718 habent
485 673 550 718 nec
573 651 682 718 verba
706 674 772 719 nec
795 675 947 722 sensum.
994 658 1160 743 Namque
1183 657 1221 723 in
1246 657 1407 725 versibus

433 761 555 843 χαίρων
578 761 611 823 ἓν
634 759 744 842 φρεσίν
766 759 835 848 ᾗσιν
858 763 1031 827 ὁθούνεκεν
1054 763 1142 828 αὖλιν
1165 766 1275 847 ἔρυντο

433 867 530 931 αὐτοῦ
554 868 580 950 γ’
606 867 645 931 οὐ
667 868 840 950 παρεόντος

326 971 536 1059 exprimitur
572 972 695 1038 eadem
730 973 916 1056 sententia,
955 995 1046 1058 quae
1082 995 1225 1061 prorsus
1264 973 1343 1040 aliis
1385 973 1503 1042 verbis

325 1078 460 1166 legitur
483 1084 501 1154 ξ
524 1075 590 1144 526
614 1063 666 1165 sq.

942 1193 1031 1270 χαῖρε
1054 1186 1084 1250 θ’
1105 1187 1286 1260 Ὀόνσσεός,

433 1295 494 1358 ὅττι
518 1295 559 1376 ῥά
587 1295 618 1357 οῖ
644 1294 751 1377 βιότου
774 1294 958 1376 περικήδετο
980 1294 1093 1377 νόσφιν
1116 1294 1221 1364 ἐόντος
1243 1291 1389 1375 (viden
1414 1299 1433 1376 ξ
1457 1291 1503 1379 4).

327 1399 446 1485 Atque
470 1419 594 1466 versus
618 1396 671 1466 78.
695 1395 738 1464 79

433 1505 463 1569 ὦ
485 1506 591 1578 πόποι,
616 1507 683 1570 οἷον
705 1515 797 1573 τοῦτο
820 1509 891 1573 θεοὶ
912 1511 1047 1592 ποίησαν
1071 1509 1201 1579 ἄνακτες

432 1614 548 1696 θηρίον
571 1613 770 1695 ἀνθρώποισι
792 1619 990 1701 μετέμμεναι,
1014 1617 1060 1688 ὡς
1084 1616 1237 1700 ἐπιμηθές

327 1717 444 1784 verbis
479 1716 626 1783 mutatis
662 1715 814 1784 similem
850 1723 1023 1806 praebent
1057 1730 1270 1788 structuram
1306 1742 1348 1787 ae
1381 1740 1509 1788 versus

325 1849 346 1890 κ
369 1819 422 1890 38.
447 1820 491 1889 39

432 1930 461 1994 ὦ
484 1931 589 2004 πόποι,
614 1932 660 2001 ὡς
683 1931 739 1994 ὅόε
760 1937 836 1996 πᾶσι
859 1934 950 2014 φίλος
973 1935 1027 1996 καί
1048 1936 1148 2015 τίμιός
1171 1937 1251 1999 ἔστιν

434 2038 628 2120 ἀνθρώποις,
653 2037 751 2100 ὅτεών
773 2061 805 2100 τε
827 2038 917 2100 πόλιν
940 2038 993 2100 καὶ
1016 2043 1108 2118 γαῖαν
1131 2041 1240 2120 ἵκηται.

434 2142 568 2210 Eorum
594 2140 654 2225 qui
678 2140 943 2226 subsequuntur
968 2161 1135 2207 versuum
1153 2138 1285 2206 80-83
1309 2141 1445 2209 indoles
1470 2152 1506 2210 et

328 2247 405 2335 ipsa
430 2270 474 2314 ex
498 2249 657 2314 Homero
680 2247 799 2331 fluxit;
822 2247 899 2314 iure
923 2247 1018 2314 enim
1035 2248 1206 2336 suspicari
1223 2247 1325 2315 nobis
1342 2247 1512 2315 videmur

325 2375 450 2422 versus

431 2467 463 2528 εἴ
480 2465 586 2529 οἱκαὶ
609 2466 722 2548 φρένες
745 2463 811 2529 ὦθε
833 2466 989 2549 νοήμονες
1012 2464 1144 2528 ἔνδοθεν
1167 2464 1256 2548 ἦσαν,
1336 2458 1337 2462 “

432 2573 501 2657 ᾔόει
525 2573 554 2636 θ’
580 2570 610 2655 ᾦ
632 2596 665 2636 τε
687 2571 748 2654 χρὴ
772 2573 997 2654 χαλεπαινέμεν
1020 2569 1046 2658 ᾧ
1067 2595 1099 2634 τε
1120 2571 1175 2634 καί
1197 2573 1276 2645 οὐκί,

433 2681 492 2744 οὐκ
517 2681 556 2742 ἄν
579 2681 610 2742 οῖ
632 2679 747 2760 θηρῶν
769 2702 813 2748 τις
836 2679 978 2761 ἒθήρισεν
1000 2679 1071 2761 περὶ
1092 2685 1197 2761 τιμῆς·

431 2793 488 2850 νῦν
512 2786 547 2849 δὲ
568 2785 637 2868 λίην
660 2784 795 2859 ζάκοτόν
816 2808 848 2848 τε
871 2785 925 2848 καὶ
949 2785 1083 2868 ἀρρηνὲς
1105 2786 1200 2867 γένετ’
1227 2787 1332 2856 αὔτως
1371 2813 1372 2817 ’

327 2891 529 2976 exemplum
555 2889 686 2957 habere
710 2911 834 2958 versus
860 2896 892 2956 Γ
911 2885 1088 2954 220-223

432 2999 529 3082 φαίης
551 3023 587 3062 κε
611 2999 746 3072 ζάκοτόν
768 2999 801 3062 τέ
822 2999 878 3062 τιν’
905 2999 1036 3081 ἔμμεναι
1059 2999 1185 3081 ἄφρονα
1207 3000 1235 3060 τ’
1261 3000 1373 3073 αὔτως,

433 3106 499 3169 ἀλλ’
525 3106 576 3170 ὅτε
600 3105 639 3188 θὴ
664 3108 729 3169 ὄπα
751 3130 783 3169 τε
805 3106 945 3188 μεγάλην
969 3106 1004 3169 ἐκ
1028 3107 1160 3188 στήθεος
1183 3107 1229 3188 εἴη

433 3213 487 3277 καί
510 3215 586 3277 ἔπεα
608 3213 771 3296 νιφάδεσσι
794 3212 919 3275 ἐοικότα
942 3213 1139 3295 χειμερίῃσιν,

434 3321 494 3384 οὐκ
517 3322 557 3384 ἂν
580 3321 673 3385 ἔπειτ’
695 3318 828 3401 Ὀδυσῆι
852 3319 880 3400 γ’
908 3320 1052 3402 ἑρίσσειεν
1073 3317 1189 3401 βροτὸς
1212 3318 1312 3389 ἄλλος.

325 3428 459 3493 Versus
493 3422 537 3491 83
572 3435 608 3492 et
646 3432 677 3492 Γ
706 3420 772 3489 220
811 3423 982 3511 praebent
1013 3422 1134 3488 eadem
1170 3423 1253 3490 sede
1287 3424 1508 3492 rarissimam

325 3555 450 3600 vocem
488 3526 640 3615 ζόαοτον,
676 3541 825 3616 uterque
861 3530 956 3597 cadit
989 3529 1025 3595 in
1060 3533 1186 3609 αὕτως;
1222 3540 1260 3598 at
1287 3553 1351 3619 pro
1375 3534 1512 3622 ἄφρονα

328 3641 520 3708 Homerico
544 3638 728 3728 particulis
743 3663 863 3705 τε-τε
880 3659 960 3704 cum
984 3635 1124 3714 ζόκοτον
1140 3638 1331 3705 coniuncto
1349 3637 1507 3726 positum

326 3755 381 3813 est
415 3747 460 3813 ad
496 3768 600 3814 canes
636 3745 816 3833 pertinens
849 3743 990 3835 ἀρρηνές,
1024 3745 1118 3831 quod
1150 3745 1364 3813 vocabulum
1394 3754 1430 3811 et
1460 3745 1510 3811 ab

328 3855 488 3920 Homero
523 3864 558 3921 et
593 3875 614 3919 a
649 3851 774 3920 ceteris
813 3851 978 3919 omnibus
1017 3851 1234 3918 Graecorum
1274 3850 1508 3939 scriptoribus·

328 3959 494 4027 abhorret
518 3960 612 4049 (vide
638 3962 664 4026 B
689 3958 770 4046 §lt
819 3959 975 4026 Perbene
998 3968 1118 4026 autem
1142 3968 1247 4046 poeta
1271 3956 1509 4025 Theocriteus

326 4066 551 4151 sententiam,
591 4088 681 4153 quae
717 4067 812 4154 apud
850 4069 1046 4134 Homerum
1081 4067 1118 4131 in
1153 4065 1327 4153 principio
1362 4065 1504 4131 illorum

327 4195 496 4241 versuum
519 4173 661 4260 legitur,
685 4173 849 4242 similiter
873 4194 1076 4260 expressam
1105 4171 1309 4260 postposuit
1336 4172 1372 4238 in
1396 4195 1428 4240 v.
1451 4167 1508 4254 83,

327 4281 494 4369 quoniam
518 4280 555 4347 in
580 4280 765 4366 utriusque
787 4279 855 4346 loci
879 4279 952 4346 fine
976 4288 1016 4346 ut
1039 4279 1122 4346 sede
1138 4279 1303 4366 graviore
1318 4299 1408 4366 opus
1427 4285 1509 4345 erat
