3434 5036
804 257 1024 333 -a4‚-

320 476 464 560 vissent,
492 475 668 564 lapidibus
692 475 879 562 verbisque
906 475 1052 543 aratoris
1081 476 1223 543 adducti
1252 484 1328 544 tum
1350 475 1495 542 demum

320 591 516 666 tacuerunt,
540 582 590 650 ita
614 591 655 650 ut
678 604 765 650 voce
789 586 947 668 ἑπιμηθές
971 605 1075 650 canes
1099 583 1252 670 quodam
1274 583 1378 650 modo
1404 582 1497 648 vitu·

216 715 221 726 ·
318 699 495 778 perentur,
519 690 614 778 quod
638 712 709 756 non
733 713 754 758 a
778 689 949 777 principio
967 690 1159 774 tacuerint;
1183 690 1293 757 immo
1309 691 1377 756 hoc
1393 711 1496 756 voca-

319 798 404 864 bulo
439 797 643 864 continetur
677 801 838 878 canum¹l
868 797 1026 864 laudatio
1050 798 1234 884 quaedam,
1267 798 1433 883 quoniam
1456 796 1494 861 in
1614 835 1617 838 -

321 925 426 974 versu
461 903 661 990 insequenti
697 913 732 970 et
764 903 801 969 in
837 905 964 972 vocula
987 908 1047 980 καί,
1084 927 1174 992 quae
1202 904 1311 971 habet
1333 904 1395 970 illo
1417 904 1495 969 loco

320 1009 393 1078 vim
416 1010 453 1078 iu
477 1011 657 1080 meliorem
681 1020 818 1098 partem
843 1010 1022 1078 auctivam
1047 1011 1103 1099 (ci.
1121 1033 1153 1080 v.
1171 1008 1237 1098 82),
1263 1011 1350 1078 etin
1367 1011 1495 1078 vocula

319 1117 393 1194 ὧδε,
417 1139 508 1205 quae
532 1118 575 1183 ad
600 1121 753 1204 έπιμηθές
776 1127 921 1205 spectat,
946 1118 1019 1185 vim
1040 1118 1208 1185 laudandi
1226 1118 1342 1185 inesse
1359 1141 1403 1184 ex
1420 1126 1495 1185 tota

319 1225 495 1292 sententia
519 1226 644 1296 elucet.
691 1225 939 1320 Quaemeadem
964 1224 1154 1312 vigilantia
1171 1247 1212 1292 ac
1228 1224 1416 1312 diligentia
1432 1247 1495 1311 per

318 1353 356 1399 se
378 1332 567 1400 laudabilis
595 1331 631 1398 in
657 1353 760 1398 versu
785 1328 838 1416 83,
871 1354 951 1398 cum
975 1331 1085 1397 nimia
1108 1332 1154 1398 sit
1178 1341 1214 1398 et
1238 1332 1373 1414 insana,
1402 1331 1495 1398 vitu-

319 1449 475 1525 peratur:
512 1447 568 1506 νῦν
600 1439 637 1506 δὲ
670 1441 737 1525 λίην
772 1441 906 1516 ζάκοτόν
933 1466 964 1504 τε
991 1441 1045 1505 καὶ
1079 1441 1221 1523 ἅρρηνές.
1268 1440 1492 1526 Quamquam

319 1555 439 1613 autem
463 1547 501 1630 is,
525 1547 586 1635 qui
609 1548 705 1614 lente
730 1586 769 1596 -
788 1547 967 1614 interdurn
984 1569 1061 1613 sero
1078 1586 1120 1594 -
1137 1546 1239 1632 sapit,
1263 1546 1298 1612 id
1315 1546 1410 1633 quod
1426 1546 1494 1613 sibi

321 1653 522 1721 iaciendum
548 1676 624 1720 esse
646 1653 831 1737 intellexit,
855 1654 952 1720 haud
976 1676 1054 1720 raro
1071 1653 1263 1740 prudenter
1280 1652 1493 1741 exsequitur,

321 1770 439 1828 tamen
463 1761 537 1829 veri
561 1761 731 1828 dissimile
753 1770 807 1828 est
823 1764 976 1847 ε’πιμηθές
998 1783 1060 1848 per
1084 1782 1208 1828 senon
1226 1761 1330 1828 modo
1345 1761 1493 1843 lentum,

318 1868 512 1935 sedetiam
537 1878 691 1951 cautum,
719 1867 926 1955 diligentem
953 1868 1268 1955 providentemque
1291 1867 1494 1953 significare

320 1996 429 2061 posse.
476 1978 732 2045 Verumtamen
764 1976 887 2042 eadem
914 1974 1009 2041 notio
1044 1977 1167 2041 subest
1203 1996 1293 2060 quae
1320 1973 1494 2041 vocabulo

322 2084 467 2166 ἐπιμελής
489 2081 673 2169 (diligens),
701 2082 795 2168 quod
820 2092 925 2168 poeta
949 2082 1072 2169 utique
1096 2081 1266 2148 memoria
1290 2081 1406 2148 tenuit
1429 2103 1494 2146 nec

320 2209 404 2254 vero
428 2198 569 2275 propter
586 2196 737 2254 metrum
754 2188 922 2255 adhibere
945 2188 1071 2275 potuit.

558 2370 830 2453 περιγληνώμενος
845 2365 908 2434 241
957 2372 1053 2453 (ἅπαξ
1073 2371 1248 2454 εἰρημένον)

319 2493 427 2580 gloss,
453 2493 528 2560 cod.
556 2495 593 2558 M
613 2497 810 2579 περιβλέπων
845 2495 1018 2560 oculorum
1047 2494 1196 2580 pupillas
1230 2495 1383 2560 lustrans
1417 2494 1494 2562 sive

318 2601 431 2666 ommia
455 2602 657 2666 collustrans
680 2600 795 2666 oculis.
843 2599 931 2667 Cum
960 2611 1079 2668 autem
1108 2623 1222 2687 neque
1251 2601 1318 2668 hoc
1343 2601 1489 2668 verbum

318 2707 555 2795 compositum
580 2729 693 2793 neque
723 2706 835 2774 ullum
865 2708 961 2774 aliud
986 2729 1137 2794 usquam
1161 2708 1359 2776 litterarum
1385 2708 1495 2775 Grae·

318 2836 438 2882 carum
474 2824 656 2901 praeterea
680 2814 885 2881 inveniatur
919 2837 940 2880 a
969 2815 1193 2882 substantivo
1217 2817 1313 2899 γλήνη
1337 2814 1493 2898 ductum,

262 2935 265 2944 '
317 2943 443 2989 vocem
466 2923 746 3006 περιγληνώμενος
770 2943 790 2988 a
813 2930 919 3008 poeta
943 2921 1111 2989 audacter
1133 2932 1303 2990 novatam
1326 2943 1401 2988 esse
1418 2922 1493 2989 veri

318 3027 432 3095 simile
456 3037 519 3096 est.

586 3192 815 3273 περιπληθονσι
860 3187 903 3255 13
950 3190 1050 3277 (ἅπαξ
1072 3190 1251 3277 εἰρημένον)

318 3313 438 3383 Etiam
469 3313 705 3401 compositum
735 3315 883 3382 verbum
911 3317 1110 3404 περιπλήῦειν
1133 3337 1154 3381 a
1178 3315 1303 3382 ceteris
1327 3314 1492 3382 omnibus

317 3432 353 3488 et
376 3420 490 3510 poetis
525 3434 561 3488 et
593 3421 767 3509 pedestris
791 3421 961 3489 orationis
990 3421 1220 3509 scriptoribus
1244 3422 1399 3489 alienum
1425 3433 1491 3495 est;

316 3528 500 3616 significat
535 3539 655 3596 autem
683 3529 785 3594 idem
822 3531 894 3595 lere
930 3529 1023 3616 quod
1053 3529 1205 3616 simplex
1227 3532 1367 3614 πλήθειν,
1398 3529 1490 3616 quod

317 3659 423 3725 saepe
448 3645 566 3704 exstat
592 3635 630 3702 in
651 3635 795 3703 Graecis
822 3635 958 3704 litteris.
1006 3636 1094 3703 Cum
1118 3637 1276 3723 praefixo
1299 3640 1373 3721 περί
1398 3658 1488 3703 com-

428 3875 451 3952 1)
475 3875 675 3934 Reiciendam
698 3883 771 3952 puto
797 3876 978 3934 sententiam
1003 3876 1161 3950 Hartungr'i
1184 3876 1214 3932 in
1238 3876 1341 3933 Philol.
1365 3875 1491 3932 XXXIV

316 3985 346 4040 p.
363 3957 428 4025 650
462 3966 613 4040 prolatam
644 3965 681 4022 In
706 3965 762 4023 illis
784 3964 943 4023 lectionibus
965 3964 1032 4022 latet
1053 3962 1228 4044 ἕπιμηθῶς,
1251 3966 1328 4040 quod
1345 3967 1385 4022 sic
1407 3966 1490 4022 inter·

313 4054 482 4130 putandum
505 4064 559 4112 est:
582 4075 667 4130 quam
684 4055 839 4131 prudenlcr
858 4054 906 4112 dei
924 4055 1074 4130 ffcemnt,
1100 4063 1131 4112 ut
1145 4052 1201 4110 tole
1215 4054 1493 4111 unamalhomz'm'bm

316 4152 387 4202 esset.
433 4141 524 4202 Hanc
548 4144 630 4201 enim
653 4143 932 4221 interpretationem
956 4144 1022 4220 ipsa
1045 4144 1376 4206 structurauerborum
1393 4145 1492 4202 exclu-

318 4233 390 4290 dere
413 4232 486 4292 mihi
510 4232 636 4291 videtur.
