<?xml version="1.0" encoding="UTF-8"?>
<!DOCTYPE html PUBLIC "-//W3C//DTD XHTML 1.0 Transitional//EN"
    "http://www.w3.org/TR/xhtml1/DTD/xhtml1-transitional.dtd">
<html xmlns="http://www.w3.org/1999/xhtml" xml:lang="en" lang="en">
 <head>
  <title>
</title>
<meta http-equiv="Content-Type" content="text/html;charset=utf-8" />
  <meta name='ocr-system' content='tesseract 3.04.00' />
  <meta name='ocr-capabilities' content='ocr_page ocr_carea ocr_par ocr_line ocrx_word'/>
</head>
<body>
  <div class='ocr_page' id='page_1' title='image "./decarminexxvthe00frohgoog_0012.png"; bbox 0 0 3434 5036; ppageno 0'>
   <div class='ocr_carea' id='block_1_1' title="bbox 740 345 940 414">
    <p class='ocr_par' dir='ltr' id='par_1_1' title="bbox 740 345 940 414">
     <span class='ocr_line' id='line_1_1' title="bbox 740 345 940 414; baseline 0 -16"><span class='ocrx_word' id='word_1_1' title='bbox 740 345 940 414; x_wconf 76' lang='grc'><strong>...3-</strong></span> 
     </span>
    </p>
   </div>
   <div class='ocr_carea' id='block_1_2' title="bbox 206 561 1427 968">
    <p class='ocr_par' dir='ltr' id='par_1_2' title="bbox 206 561 1427 968">
     <span class='ocr_line' id='line_1_2' title="bbox 206 561 1427 650; baseline 0.002 -24"><span class='ocrx_word' id='word_1_2' title='bbox 206 571 211 588; x_wconf 87' lang='grc'><em>’</em></span> <span class='ocrx_word' id='word_1_3' title='bbox 241 569 284 628; x_wconf 87' lang='lat' dir='ltr'><strong>et</strong></span> <span class='ocrx_word' id='word_1_4' title='bbox 321 563 363 631; x_wconf 91' lang='lat' dir='ltr'><strong>L.</strong></span> <span class='ocrx_word' id='word_1_5' title='bbox 399 561 608 648; x_wconf 81' lang='lat' dir='ltr'><strong>Genther1),</strong></span> <span class='ocrx_word' id='word_1_6' title='bbox 652 562 741 627; x_wconf 90' lang='lat' dir='ltr'><strong>alter</strong></span> <span class='ocrx_word' id='word_1_7' title='bbox 784 583 951 628; x_wconf 90' lang='lat' dir='ltr'><strong>versuum</strong></span> <span class='ocrx_word' id='word_1_8' title='bbox 992 562 1261 650; x_wconf 89' lang='lat' dir='ltr'><strong>spondiacorum</strong></span> <span class='ocrx_word' id='word_1_9' title='bbox 1297 562 1427 641; x_wconf 85' lang='lat' dir='ltr'><strong>exitus,</strong></span> 
     </span>
     <span class='ocr_line' id='line_1_3' title="bbox 240 667 1424 756; baseline 0.002 -23"><span class='ocrx_word' id='word_1_10' title='bbox 240 667 414 755; x_wconf 81' lang='lat' dir='ltr'><strong>epitheta,</strong></span> <span class='ocrx_word' id='word_1_11' title='bbox 436 668 642 751; x_wconf 85' lang='lat' dir='ltr'><strong>locutiones,</strong></span> <span class='ocrx_word' id='word_1_12' title='bbox 658 667 803 735; x_wconf 92' lang='lat' dir='ltr'><strong>nomina</strong></span> <span class='ocrx_word' id='word_1_13' title='bbox 819 668 961 756; x_wconf 91' lang='lat' dir='ltr'><strong>propria</strong></span> <span class='ocrx_word' id='word_1_14' title='bbox 978 671 1136 736; x_wconf 86' lang='lat' dir='ltr'>Homero</span> <span class='ocrx_word' id='word_1_15' title='bbox 1153 678 1273 756; x_wconf 90' lang='lat' dir='ltr'><strong>erepta</strong></span> <span class='ocrx_word' id='word_1_16' title='bbox 1294 690 1424 756; x_wconf 85' lang='lat' dir='ltr'><strong>conge·</strong></span> 
     </span>
     <span class='ocr_line' id='line_1_4' title="bbox 240 774 1422 863; baseline 0.002 -23"><span class='ocrx_word' id='word_1_17' title='bbox 240 775 365 857; x_wconf 71' lang='lat' dir='ltr'><strong>tendo,</strong></span> <span class='ocrx_word' id='word_1_18' title='bbox 382 775 472 842; x_wconf 90' lang='lat' dir='ltr'><strong>alter</strong></span> <span class='ocrx_word' id='word_1_19' title='bbox 487 775 644 841; x_wconf 89' lang='lat' dir='ltr'><strong>locorum</strong></span> <span class='ocrx_word' id='word_1_20' title='bbox 662 797 706 840; x_wconf 86' lang='lat' dir='ltr'><strong>ex</strong></span> <span class='ocrx_word' id='word_1_21' title='bbox 719 774 868 842; x_wconf 88' lang='lat' dir='ltr'>Homeri</span> <span class='ocrx_word' id='word_1_22' title='bbox 885 774 1101 843; x_wconf 86' lang='lat' dir='ltr'><strong>carminibus</strong></span> <span class='ocrx_word' id='word_1_23' title='bbox 1111 775 1304 863; x_wconf 89' lang='lat' dir='ltr'><strong>petitorum</strong></span> <span class='ocrx_word' id='word_1_24' title='bbox 1317 796 1422 863; x_wconf 91' lang='lat' dir='ltr'><strong>quam</strong></span> 
     </span>
     <span class='ocr_line' id='line_1_5' title="bbox 240 880 1006 968; baseline -0.001 -22"><span class='ocrx_word' id='word_1_25' title='bbox 240 880 562 968; x_wconf 86' lang='lat' dir='ltr'><strong>diligentissimum</strong></span> <span class='ocrx_word' id='word_1_26' title='bbox 587 901 770 947; x_wconf 86' lang='lat' dir='ltr'><strong>recensum</strong></span> <span class='ocrx_word' id='word_1_27' title='bbox 796 880 1006 949; x_wconf 83' lang='lat' dir='ltr'><strong>exhibendo.</strong></span> 
     </span>
    </p>
   </div>
   <div class='ocr_carea' id='block_1_3' title="bbox 236 1004 1425 3638">
    <p class='ocr_par' dir='ltr' id='par_1_3' title="bbox 236 1004 1425 3638">
     <span class='ocr_line' id='line_1_6' title="bbox 356 1004 1422 1094; baseline 0.004 -24"><span class='ocrx_word' id='word_1_28' title='bbox 356 1006 526 1072; x_wconf 86' lang='lat' dir='ltr'><strong>Attamen</strong></span> <span class='ocrx_word' id='word_1_29' title='bbox 554 1004 670 1071; x_wconf 89' lang='lat' dir='ltr'><strong>denuo</strong></span> <span class='ocrx_word' id='word_1_30' title='bbox 698 1005 795 1072; x_wconf 92' lang='lat' dir='ltr'><strong>illam</strong></span> <span class='ocrx_word' id='word_1_31' title='bbox 820 1006 1063 1092; x_wconf 89' lang='lat' dir='ltr'><strong>quaestionem</strong></span> <span class='ocrx_word' id='word_1_32' title='bbox 1087 1015 1127 1074; x_wconf 93' lang='lat' dir='ltr'><strong>ut</strong></span> <span class='ocrx_word' id='word_1_33' title='bbox 1151 1007 1343 1094; x_wconf 85' lang='lat' dir='ltr'><strong>aggrediar</strong></span> <span class='ocrx_word' id='word_1_34' title='bbox 1365 1007 1422 1074; x_wconf 90' lang='lat' dir='ltr'><strong>his</strong></span> 
     </span>
     <span class='ocr_line' id='line_1_7' title="bbox 241 1112 1423 1200; baseline 0.002 -22"><span class='ocrx_word' id='word_1_35' title='bbox 241 1112 404 1179; x_wconf 84' lang='lat' dir='ltr'><strong>adducor</strong></span> <span class='ocrx_word' id='word_1_36' title='bbox 436 1112 559 1178; x_wconf 90' lang='lat' dir='ltr'><strong>causis.</strong></span> <span class='ocrx_word' id='word_1_37' title='bbox 613 1112 769 1179; x_wconf 88' lang='lat' dir='ltr'><strong>Primum</strong></span> <span class='ocrx_word' id='word_1_38' title='bbox 799 1134 844 1178; x_wconf 92' lang='lat' dir='ltr'><strong>ne</strong></span> <span class='ocrx_word' id='word_1_39' title='bbox 871 1112 924 1178; x_wconf 95' lang='lat' dir='ltr'><strong>illi</strong></span> <span class='ocrx_word' id='word_1_40' title='bbox 952 1113 1093 1200; x_wconf 89' lang='lat' dir='ltr'><strong>quidem</strong></span> <span class='ocrx_word' id='word_1_41' title='bbox 1128 1113 1196 1181; x_wconf 88' lang='lat' dir='ltr'><strong>viri</strong></span> <span class='ocrx_word' id='word_1_42' title='bbox 1229 1113 1423 1182; x_wconf 84' lang='lat' dir='ltr'><strong>doctissimi</strong></span> 
     </span>
     <span class='ocr_line' id='line_1_8' title="bbox 242 1218 1423 1308; baseline 0.003 -24"><span class='ocrx_word' id='word_1_43' title='bbox 242 1219 432 1286; x_wconf 85' lang='lat' dir='ltr'><strong>materiem</strong></span> <span class='ocrx_word' id='word_1_44' title='bbox 450 1219 657 1285; x_wconf 85' lang='lat' dir='ltr'><strong>exhausisse</strong></span> <span class='ocrx_word' id='word_1_45' title='bbox 673 1219 761 1286; x_wconf 90' lang='lat' dir='ltr'><strong>mihi</strong></span> <span class='ocrx_word' id='word_1_46' title='bbox 778 1218 954 1286; x_wconf 90' lang='lat' dir='ltr'><strong>videntur.</strong></span> <span class='ocrx_word' id='word_1_47' title='bbox 991 1219 1145 1286; x_wconf 89' lang='lat' dir='ltr'><strong>Futhius</strong></span> <span class='ocrx_word' id='word_1_48' title='bbox 1159 1220 1254 1288; x_wconf 89' lang='lat' dir='ltr'><strong>enim</strong></span> <span class='ocrx_word' id='word_1_49' title='bbox 1266 1221 1423 1308; x_wconf 82' lang='lat' dir='ltr'><strong>proiecto</strong></span> 
     </span>
     <span class='ocr_line' id='line_1_9' title="bbox 241 1325 1422 1394; baseline 0.002 -2"><span class='ocrx_word' id='word_1_50' title='bbox 241 1326 294 1392; x_wconf 81' lang='lat' dir='ltr'><strong>ad</strong></span> <span class='ocrx_word' id='word_1_51' title='bbox 320 1346 423 1392; x_wconf 90' lang='lat' dir='ltr'><strong>sunm</strong></span> <span class='ocrx_word' id='word_1_52' title='bbox 449 1325 632 1392; x_wconf 90' lang='lat' dir='ltr'><strong>arbitrium</strong></span> <span class='ocrx_word' id='word_1_53' title='bbox 657 1325 784 1392; x_wconf 92' lang='lat' dir='ltr'><strong>habuit</strong></span> <span class='ocrx_word' id='word_1_54' title='bbox 807 1326 999 1393; x_wconf 91' lang='lat' dir='ltr'><strong>delectum:</strong></span> <span class='ocrx_word' id='word_1_55' title='bbox 1025 1349 1097 1393; x_wconf 90' lang='lat' dir='ltr'><strong>non</strong></span> <span class='ocrx_word' id='word_1_56' title='bbox 1114 1349 1237 1394; x_wconf 91' lang='lat' dir='ltr'><strong>omnes</strong></span> <span class='ocrx_word' id='word_1_57' title='bbox 1254 1348 1422 1394; x_wconf 89' lang='lat' dir='ltr'><strong>versuum</strong></span> 
     </span>
     <span class='ocr_line' id='line_1_10' title="bbox 240 1432 1425 1522; baseline 0.003 -24"><span class='ocrx_word' id='word_1_58' title='bbox 240 1441 375 1520; x_wconf 87' lang='lat' dir='ltr'><strong>partes,</strong></span> <span class='ocrx_word' id='word_1_59' title='bbox 404 1455 475 1499; x_wconf 90' lang='lat' dir='ltr'><strong>nou</strong></span> <span class='ocrx_word' id='word_1_60' title='bbox 505 1453 628 1499; x_wconf 91' lang='lat' dir='ltr'><strong>omues</strong></span> <span class='ocrx_word' id='word_1_61' title='bbox 656 1433 820 1519; x_wconf 87' lang='lat' dir='ltr'><strong>singulas</strong></span> <span class='ocrx_word' id='word_1_62' title='bbox 844 1455 959 1517; x_wconf 88' lang='lat' dir='ltr'><strong>voces,</strong></span> <span class='ocrx_word' id='word_1_63' title='bbox 987 1454 1075 1519; x_wconf 87' lang='lat' dir='ltr'><strong>quas</strong></span> <span class='ocrx_word' id='word_1_64' title='bbox 1097 1432 1203 1521; x_wconf 84' lang='lat' dir='ltr'><strong>poeta</strong></span> <span class='ocrx_word' id='word_1_65' title='bbox 1226 1433 1425 1522; x_wconf 88' lang='lat' dir='ltr'><strong>desumpsit</strong></span> 
     </span>
     <span class='ocr_line' id='line_1_11' title="bbox 245 1539 1424 1627; baseline 0.001 -21"><span class='ocrx_word' id='word_1_66' title='bbox 245 1547 311 1606; x_wconf 85' lang='lat' dir='ltr'><strong>aut</strong></span> <span class='ocrx_word' id='word_1_67' title='bbox 334 1539 524 1606; x_wconf 83' lang='lat' dir='ltr'><strong>manifesta</strong></span> <span class='ocrx_word' id='word_1_68' title='bbox 547 1539 747 1606; x_wconf 86' lang='lat' dir='ltr'><strong>imitatione</strong></span> <span class='ocrx_word' id='word_1_69' title='bbox 771 1540 954 1627; x_wconf 84' lang='lat' dir='ltr'><strong>expressit,</strong></span> <span class='ocrx_word' id='word_1_70' title='bbox 978 1541 1226 1608; x_wconf 90' lang='lat' dir='ltr'><strong>memorabiles</strong></span> <span class='ocrx_word' id='word_1_71' title='bbox 1249 1541 1424 1625; x_wconf 88' lang='lat' dir='ltr'><strong>tractavit,</strong></span> 
     </span>
     <span class='ocr_line' id='line_1_12' title="bbox 239 1646 1423 1735; baseline 0.002 -23"><span class='ocrx_word' id='word_1_72' title='bbox 239 1647 292 1713; x_wconf 89' lang='lat' dir='ltr'><strong>de</strong></span> <span class='ocrx_word' id='word_1_73' title='bbox 326 1646 411 1735; x_wconf 90' lang='lat' dir='ltr'><strong>ipsis</strong></span> <span class='ocrx_word' id='word_1_74' title='bbox 446 1647 607 1714; x_wconf 90' lang='lat' dir='ltr'><strong>versibus</strong></span> <span class='ocrx_word' id='word_1_75' title='bbox 643 1646 897 1734; x_wconf 90' lang='lat' dir='ltr'><strong>componendis</strong></span> <span class='ocrx_word' id='word_1_76' title='bbox 933 1647 1023 1713; x_wconf 90' lang='lat' dir='ltr'><strong>nihil</strong></span> <span class='ocrx_word' id='word_1_77' title='bbox 1058 1647 1215 1735; x_wconf 88' lang='lat' dir='ltr'><strong>protulit,</strong></span> <span class='ocrx_word' id='word_1_78' title='bbox 1254 1647 1344 1713; x_wconf 91' lang='lat' dir='ltr'><strong>nihil</strong></span> <span class='ocrx_word' id='word_1_79' title='bbox 1379 1649 1423 1714; x_wconf 87' lang='lat' dir='ltr'><strong>de</strong></span> 
     </span>
     <span class='ocr_line' id='line_1_13' title="bbox 241 1752 1423 1841; baseline 0.003 -23"><span class='ocrx_word' id='word_1_80' title='bbox 241 1752 479 1840; x_wconf 86' lang='lat' dir='ltr'><strong>amplioribus</strong></span> <span class='ocrx_word' id='word_1_81' title='bbox 502 1752 601 1834; x_wconf 84' lang='lat' dir='ltr'><strong>locis3</strong></span> <span class='ocrx_word' id='word_1_82' title='bbox 626 1775 692 1818; x_wconf 90' lang='lat' dir='ltr'><strong>nec</strong></span> <span class='ocrx_word' id='word_1_83' title='bbox 715 1753 831 1840; x_wconf 86' lang='lat' dir='ltr'><strong>magis</strong></span> <span class='ocrx_word' id='word_1_84' title='bbox 855 1752 1069 1838; x_wconf 86' lang='lat' dir='ltr'><strong>Geutherus,</strong></span> <span class='ocrx_word' id='word_1_85' title='bbox 1094 1753 1162 1820; x_wconf 90' lang='lat' dir='ltr'><strong>etsi</strong></span> <span class='ocrx_word' id='word_1_86' title='bbox 1185 1754 1303 1841; x_wconf 87' lang='lat' dir='ltr'><strong>plures</strong></span> <span class='ocrx_word' id='word_1_87' title='bbox 1327 1754 1423 1821; x_wconf 89' lang='lat' dir='ltr'><strong>locos</strong></span> 
     </span>
     <span class='ocr_line' id='line_1_14' title="bbox 239 1859 1421 1946; baseline 0 -20"><span class='ocrx_word' id='word_1_88' title='bbox 239 1859 472 1946; x_wconf 83' lang='lat' dir='ltr'><strong>conquisivit,</strong></span> <span class='ocrx_word' id='word_1_89' title='bbox 496 1880 571 1925; x_wconf 88' lang='lat' dir='ltr'><strong>rem</strong></span> <span class='ocrx_word' id='word_1_90' title='bbox 591 1859 637 1925; x_wconf 66' lang='lat' dir='ltr'><strong>&#39;ad</strong></span> <span class='ocrx_word' id='word_1_91' title='bbox 661 1859 868 1926; x_wconf 88' lang='lat' dir='ltr'><strong>umbilicum</strong></span> <span class='ocrx_word' id='word_1_92' title='bbox 885 1860 1045 1928; x_wconf 86' lang='lat' dir='ltr'><strong>adduxit.</strong></span> <span class='ocrx_word' id='word_1_93' title='bbox 1094 1860 1232 1927; x_wconf 90' lang='lat' dir='ltr'><strong>Deinde</strong></span> <span class='ocrx_word' id='word_1_94' title='bbox 1248 1860 1421 1928; x_wconf 90' lang='lat' dir='ltr'><strong>rationem</strong></span> 
     </span>
     <span class='ocr_line' id='line_1_15' title="bbox 244 1966 1425 2054; baseline 0.003 -22"><span class='ocrx_word' id='word_1_95' title='bbox 244 1976 343 2033; x_wconf 87' lang='lat' dir='ltr'><strong>certe</strong></span> <span class='ocrx_word' id='word_1_96' title='bbox 371 1967 457 2032; x_wconf 89' lang='lat' dir='ltr'><strong>artis</strong></span> <span class='ocrx_word' id='word_1_97' title='bbox 484 1966 646 2033; x_wconf 88' lang='lat' dir='ltr'><strong>imitandi</strong></span> <span class='ocrx_word' id='word_1_98' title='bbox 673 1967 821 2033; x_wconf 88' lang='lat' dir='ltr'><strong>Homeri</strong></span> <span class='ocrx_word' id='word_1_99' title='bbox 850 1968 888 2033; x_wconf 89' lang='lat' dir='ltr'><strong>in</strong></span> <span class='ocrx_word' id='word_1_100' title='bbox 913 1968 1068 2034; x_wconf 86' lang='lat' dir='ltr'><strong>Hercule</strong></span> <span class='ocrx_word' id='word_1_101' title='bbox 1092 1967 1254 2054; x_wconf 86' lang='lat' dir='ltr'><strong>proditae</strong></span> <span class='ocrx_word' id='word_1_102' title='bbox 1276 1967 1425 2035; x_wconf 90' lang='lat' dir='ltr'><strong>omuino</strong></span> 
     </span>
     <span class='ocr_line' id='line_1_16' title="bbox 237 2073 1422 2162; baseline 0.002 -23"><span class='ocrx_word' id='word_1_103' title='bbox 237 2095 318 2139; x_wconf 85' lang='lat' dir='ltr'><strong>non</strong></span> <span class='ocrx_word' id='word_1_104' title='bbox 342 2073 628 2156; x_wconf 83' lang='lat' dir='ltr'><strong>enucleaverunt,</strong></span> <span class='ocrx_word' id='word_1_105' title='bbox 652 2095 721 2159; x_wconf 91' lang='lat' dir='ltr'><strong>quo</strong></span> <span class='ocrx_word' id='word_1_106' title='bbox 744 2073 960 2156; x_wconf 81' lang='lat' dir='ltr'><strong>factumest,</strong></span> <span class='ocrx_word' id='word_1_107' title='bbox 984 2084 1025 2141; x_wconf 92' lang='lat' dir='ltr'><strong>ut</strong></span> <span class='ocrx_word' id='word_1_108' title='bbox 1043 2096 1115 2141; x_wconf 91' lang='lat' dir='ltr'><strong>non</strong></span> <span class='ocrx_word' id='word_1_109' title='bbox 1132 2097 1271 2162; x_wconf 90' lang='lat' dir='ltr'><strong>semper</strong></span> <span class='ocrx_word' id='word_1_110' title='bbox 1286 2083 1422 2142; x_wconf 89' lang='lat' dir='ltr'><strong>rectum</strong></span> 
     </span>
     <span class='ocr_line' id='line_1_17' title="bbox 244 2159 1423 2269; baseline 0.002 -23"><span class='ocrx_word' id='word_1_111' title='bbox 244 2159 379 2247; x_wconf 68' lang='lat' dir='ltr'><strong>ier&#39;rent</strong></span> <span class='ocrx_word' id='word_1_112' title='bbox 401 2180 581 2263; x_wconf 84' lang='lat' dir='ltr'><strong>iudicium,</strong></span> <span class='ocrx_word' id='word_1_113' title='bbox 605 2181 665 2247; x_wconf 92' lang='lat' dir='ltr'><strong>sed</strong></span> <span class='ocrx_word' id='word_1_114' title='bbox 691 2202 771 2247; x_wconf 89' lang='lat' dir='ltr'><strong>cum</strong></span> <span class='ocrx_word' id='word_1_115' title='bbox 796 2181 914 2248; x_wconf 90' lang='lat' dir='ltr'><strong>miuus</strong></span> <span class='ocrx_word' id='word_1_116' title='bbox 939 2191 1041 2268; x_wconf 89' lang='lat' dir='ltr'><strong>aptos</strong></span> <span class='ocrx_word' id='word_1_117' title='bbox 1066 2191 1312 2269; x_wconf 87' lang='lat' dir='ltr'><strong>compararent</strong></span> <span class='ocrx_word' id='word_1_118' title='bbox 1327 2183 1423 2249; x_wconf 91' lang='lat' dir='ltr'><strong>locos</strong></span> 
     </span>
     <span class='ocr_line' id='line_1_18' title="bbox 247 2286 1424 2365; baseline 0.001 -11"><span class='ocrx_word' id='word_1_119' title='bbox 247 2297 326 2354; x_wconf 91' lang='lat' dir='ltr'><strong>tum</strong></span> <span class='ocrx_word' id='word_1_120' title='bbox 350 2286 736 2365; x_wconf 81' lang='lat' dir='ltr'><strong>idoneosomitterent.</strong></span> <span class='ocrx_word' id='word_1_121' title='bbox 784 2291 965 2354; x_wconf 90' lang='lat' dir='ltr'><strong>Postremo</strong></span> <span class='ocrx_word' id='word_1_122' title='bbox 991 2288 1099 2354; x_wconf 89' lang='lat' dir='ltr'><strong>etiam</strong></span> <span class='ocrx_word' id='word_1_123' title='bbox 1121 2288 1270 2354; x_wconf 90' lang='lat' dir='ltr'><strong>Hesiodi</strong></span> <span class='ocrx_word' id='word_1_124' title='bbox 1294 2297 1424 2355; x_wconf 91' lang='lat' dir='ltr'><strong>cetero-</strong></span> 
     </span>
     <span class='ocr_line' id='line_1_19' title="bbox 237 2393 1422 2482; baseline 0 -20"><span class='ocrx_word' id='word_1_125' title='bbox 237 2416 397 2481; x_wconf 85' lang='lat' dir='ltr'><strong>rumque</strong></span> <span class='ocrx_word' id='word_1_126' title='bbox 421 2415 513 2482; x_wconf 90' lang='lat' dir='ltr'><strong>quae</strong></span> <span class='ocrx_word' id='word_1_127' title='bbox 528 2415 636 2480; x_wconf 90' lang='lat' dir='ltr'><strong>supra</strong></span> <span class='ocrx_word' id='word_1_128' title='bbox 652 2395 721 2459; x_wconf 90' lang='lat' dir='ltr'><strong>iam</strong></span> <span class='ocrx_word' id='word_1_129' title='bbox 741 2393 897 2460; x_wconf 89' lang='lat' dir='ltr'><strong>diximus</strong></span> <span class='ocrx_word' id='word_1_130' title='bbox 915 2394 1113 2460; x_wconf 88' lang='lat' dir='ltr'><strong>carminum</strong></span> <span class='ocrx_word' id='word_1_131' title='bbox 1131 2394 1310 2481; x_wconf 91' lang='lat' dir='ltr'><strong>epicorum</strong></span> <span class='ocrx_word' id='word_1_132' title='bbox 1326 2396 1422 2463; x_wconf 89' lang='lat' dir='ltr'><strong>locos</strong></span> 
     </span>
     <span class='ocr_line' id='line_1_20' title="bbox 239 2499 1421 2569; baseline -0.002 0"><span class='ocrx_word' id='word_1_133' title='bbox 239 2525 269 2569; x_wconf 88' lang='lat' dir='ltr'><strong>a</strong></span> <span class='ocrx_word' id='word_1_134' title='bbox 296 2501 477 2568; x_wconf 87' lang='lat' dir='ltr'><strong>conditore</strong></span> <span class='ocrx_word' id='word_1_135' title='bbox 510 2501 617 2567; x_wconf 90' lang='lat' dir='ltr'><strong>huius</strong></span> <span class='ocrx_word' id='word_1_136' title='bbox 651 2499 816 2567; x_wconf 90' lang='lat' dir='ltr'><strong>carminis</strong></span> <span class='ocrx_word' id='word_1_137' title='bbox 850 2500 886 2566; x_wconf 89' lang='lat' dir='ltr'><strong>iu</strong></span> <span class='ocrx_word' id='word_1_138' title='bbox 920 2521 1024 2566; x_wconf 90' lang='lat' dir='ltr'><strong>usum</strong></span> <span class='ocrx_word' id='word_1_139' title='bbox 1058 2510 1204 2568; x_wconf 89' lang='lat' dir='ltr'><strong>vocatos</strong></span> <span class='ocrx_word' id='word_1_140' title='bbox 1234 2501 1421 2568; x_wconf 89' lang='lat' dir='ltr'><strong>censebam</strong></span> 
     </span>
     <span class='ocr_line' id='line_1_21' title="bbox 236 2607 1423 2695; baseline 0.001 -21"><span class='ocrx_word' id='word_1_141' title='bbox 236 2607 385 2695; x_wconf 84' lang='lat' dir='ltr'><strong>dignos,</strong></span> <span class='ocrx_word' id='word_1_142' title='bbox 402 2609 462 2695; x_wconf 94' lang='lat' dir='ltr'><strong>qui</strong></span> <span class='ocrx_word' id='word_1_143' title='bbox 478 2608 669 2695; x_wconf 84' lang='lat' dir='ltr'><strong>diligenter</strong></span> <span class='ocrx_word' id='word_1_144' title='bbox 684 2615 992 2694; x_wconf 84' lang='lat' dir='ltr'><strong>pertractarentur.</strong></span> <span class='ocrx_word' id='word_1_145' title='bbox 1041 2607 1091 2674; x_wconf 92' lang='lat' dir='ltr'><strong>Hi</strong></span> <span class='ocrx_word' id='word_1_146' title='bbox 1108 2607 1213 2692; x_wconf 87' lang='lat' dir='ltr'><strong>enim,</strong></span> <span class='ocrx_word' id='word_1_147' title='bbox 1230 2607 1290 2694; x_wconf 90' lang='lat' dir='ltr'><strong>qui</strong></span> <span class='ocrx_word' id='word_1_148' title='bbox 1307 2607 1423 2675; x_wconf 86' lang='lat' dir='ltr'><strong>adhuc</strong></span> 
     </span>
     <span class='ocr_line' id='line_1_22' title="bbox 238 2714 1423 2802; baseline -0.002 -20"><span class='ocrx_word' id='word_1_149' title='bbox 238 2716 395 2782; x_wconf 86' lang='lat' dir='ltr'><strong>omuino</strong></span> <span class='ocrx_word' id='word_1_150' title='bbox 419 2715 580 2802; x_wconf 86' lang='lat' dir='ltr'><strong>congesti</strong></span> <span class='ocrx_word' id='word_1_151' title='bbox 605 2737 674 2782; x_wconf 90' lang='lat' dir='ltr'><strong>uon</strong></span> <span class='ocrx_word' id='word_1_152' title='bbox 692 2722 785 2798; x_wconf 88' lang='lat' dir='ltr'><strong>sunt,</strong></span> <span class='ocrx_word' id='word_1_153' title='bbox 809 2723 910 2782; x_wconf 89' lang='lat' dir='ltr'><strong>tauta</strong></span> <span class='ocrx_word' id='word_1_154' title='bbox 926 2714 1189 2781; x_wconf 89' lang='lat' dir='ltr'><strong>necessitudine</strong></span> <span class='ocrx_word' id='word_1_155' title='bbox 1204 2736 1285 2781; x_wconf 90' lang='lat' dir='ltr'><strong>cum</strong></span> <span class='ocrx_word' id='word_1_156' title='bbox 1302 2714 1423 2780; x_wconf 90' lang='lat' dir='ltr'><strong>Iliadis</strong></span> 
     </span>
     <span class='ocr_line' id='line_1_23' title="bbox 238 2821 1422 2908; baseline -0.003 -18"><span class='ocrx_word' id='word_1_157' title='bbox 238 2830 285 2890; x_wconf 85' lang='lat' dir='ltr'><strong>et</strong></span> <span class='ocrx_word' id='word_1_158' title='bbox 313 2822 495 2907; x_wconf 90' lang='lat' dir='ltr'><strong>Odysseae</strong></span> <span class='ocrx_word' id='word_1_159' title='bbox 526 2822 612 2887; x_wconf 92' lang='lat' dir='ltr'><strong>locis</strong></span> <span class='ocrx_word' id='word_1_160' title='bbox 641 2821 916 2908; x_wconf 83' lang='lat' dir='ltr'><strong>coniunguntur,</strong></span> <span class='ocrx_word' id='word_1_161' title='bbox 951 2832 992 2888; x_wconf 93' lang='lat' dir='ltr'><strong>ut</strong></span> <span class='ocrx_word' id='word_1_162' title='bbox 1019 2821 1167 2888; x_wconf 89' lang='lat' dir='ltr'><strong>eandem</strong></span> <span class='ocrx_word' id='word_1_163' title='bbox 1196 2821 1234 2887; x_wconf 89' lang='lat' dir='ltr'><strong>in</strong></span> <span class='ocrx_word' id='word_1_164' title='bbox 1264 2822 1422 2889; x_wconf 90' lang='lat' dir='ltr'><strong>tabulam</strong></span> 
     </span>
     <span class='ocr_line' id='line_1_24' title="bbox 238 2927 1422 3018; baseline -0.002 -22"><span class='ocrx_word' id='word_1_165' title='bbox 238 2928 387 3018; x_wconf 85' lang='lat' dir='ltr'><strong>possint</strong></span> <span class='ocrx_word' id='word_1_166' title='bbox 425 2929 556 2995; x_wconf 83' lang='lat' dir='ltr'><strong>reterri.</strong></span> <span class='ocrx_word' id='word_1_167' title='bbox 613 2928 683 2994; x_wconf 88' lang='lat' dir='ltr'><strong>Sed</strong></span> <span class='ocrx_word' id='word_1_168' title='bbox 723 2927 963 3015; x_wconf 89' lang='lat' dir='ltr'><strong>excerpsimus</strong></span> <span class='ocrx_word' id='word_1_169' title='bbox 1002 2950 1047 2994; x_wconf 90' lang='lat' dir='ltr'><strong>ex</strong></span> <span class='ocrx_word' id='word_1_170' title='bbox 1081 2927 1150 2995; x_wconf 91' lang='lat' dir='ltr'><strong>illis</strong></span> <span class='ocrx_word' id='word_1_171' title='bbox 1186 2950 1245 2996; x_wconf 88' lang='lat' dir='ltr'><strong>eas</strong></span> <span class='ocrx_word' id='word_1_172' title='bbox 1280 2937 1422 2996; x_wconf 89' lang='lat' dir='ltr'><strong>tantum</strong></span> 
     </span>
     <span class='ocr_line' id='line_1_25' title="bbox 245 3033 1422 3122; baseline 0 -19"><span class='ocrx_word' id='word_1_173' title='bbox 245 3056 416 3104; x_wconf 89' lang='lat' dir='ltr'><strong>versuum</strong></span> <span class='ocrx_word' id='word_1_174' title='bbox 440 3045 558 3121; x_wconf 88' lang='lat' dir='ltr'><strong>partes</strong></span> <span class='ocrx_word' id='word_1_175' title='bbox 583 3045 619 3102; x_wconf 89' lang='lat' dir='ltr'><strong>et</strong></span> <span class='ocrx_word' id='word_1_176' title='bbox 641 3033 843 3120; x_wconf 90' lang='lat' dir='ltr'><strong>particulas,</strong></span> <span class='ocrx_word' id='word_1_177' title='bbox 867 3055 959 3120; x_wconf 87' lang='lat' dir='ltr'><strong>quae</strong></span> <span class='ocrx_word' id='word_1_178' title='bbox 982 3035 1171 3122; x_wconf 91' lang='lat' dir='ltr'><strong>ampliores</strong></span> <span class='ocrx_word' id='word_1_179' title='bbox 1195 3044 1231 3102; x_wconf 92' lang='lat' dir='ltr'><strong>et</strong></span> <span class='ocrx_word' id='word_1_180' title='bbox 1247 3036 1422 3122; x_wconf 89' lang='lat' dir='ltr'><strong>pleniores</strong></span> 
     </span>
     <span class='ocr_line' id='line_1_26' title="bbox 238 3141 1422 3231; baseline 0.002 -22"><span class='ocrx_word' id='word_1_181' title='bbox 238 3164 356 3231; x_wconf 79' lang='lat' dir='ltr'><strong>quam</strong></span> <span class='ocrx_word' id='word_1_182' title='bbox 371 3143 465 3229; x_wconf 91' lang='lat' dir='ltr'><strong>apud</strong></span> <span class='ocrx_word' id='word_1_183' title='bbox 477 3144 674 3208; x_wconf 87' lang='lat' dir='ltr'><strong>Homerum</strong></span> <span class='ocrx_word' id='word_1_184' title='bbox 687 3143 857 3229; x_wconf 85' lang='lat' dir='ltr'><strong>leguntur</strong></span> <span class='ocrx_word' id='word_1_185' title='bbox 868 3141 1084 3229; x_wconf 90' lang='lat' dir='ltr'><strong>propiusque</strong></span> <span class='ocrx_word' id='word_1_186' title='bbox 1097 3143 1140 3209; x_wconf 88' lang='lat' dir='ltr'><strong>ad</strong></span> <span class='ocrx_word' id='word_1_187' title='bbox 1153 3142 1422 3211; x_wconf 88' lang='lat' dir='ltr'><strong>similitudinem</strong></span> 
     </span>
     <span class='ocr_line' id='line_1_27' title="bbox 240 3248 1422 3336; baseline 0.002 -22"><span class='ocrx_word' id='word_1_188' title='bbox 240 3249 357 3317; x_wconf 74' lang='lat' dir='ltr'><strong>,huius</strong></span> <span class='ocrx_word' id='word_1_189' title='bbox 379 3248 554 3336; x_wconf 83' lang='lat' dir='ltr'><strong>poematis</strong></span> <span class='ocrx_word' id='word_1_190' title='bbox 578 3250 761 3333; x_wconf 84' lang='lat' dir='ltr'><strong>accedunt,</strong></span> <span class='ocrx_word' id='word_1_191' title='bbox 784 3249 881 3316; x_wconf 92' lang='lat' dir='ltr'><strong>locos</strong></span> <span class='ocrx_word' id='word_1_192' title='bbox 898 3270 982 3316; x_wconf 90' lang='lat' dir='ltr'><strong>vero</strong></span> <span class='ocrx_word' id='word_1_193' title='bbox 999 3259 1035 3316; x_wconf 87' lang='lat' dir='ltr'><strong>et</strong></span> <span class='ocrx_word' id='word_1_194' title='bbox 1049 3249 1167 3333; x_wconf 88' lang='lat' dir='ltr'><strong>verba,</strong></span> <span class='ocrx_word' id='word_1_195' title='bbox 1191 3271 1282 3336; x_wconf 90' lang='lat' dir='ltr'><strong>quae</strong></span> <span class='ocrx_word' id='word_1_196' title='bbox 1298 3250 1422 3316; x_wconf 90' lang='lat' dir='ltr'><strong>eadem</strong></span> 
     </span>
     <span class='ocr_line' id='line_1_28' title="bbox 239 3355 1423 3444; baseline -0.001 -21"><span class='ocrx_word' id='word_1_197' title='bbox 239 3356 345 3444; x_wconf 84' lang='lat' dir='ltr'><strong>apud</strong></span> <span class='ocrx_word' id='word_1_198' title='bbox 374 3359 571 3422; x_wconf 90' lang='lat' dir='ltr'><strong>Homerum</strong></span> <span class='ocrx_word' id='word_1_199' title='bbox 599 3364 750 3439; x_wconf 88' lang='lat' dir='ltr'><strong>exstant,</strong></span> <span class='ocrx_word' id='word_1_200' title='bbox 783 3377 854 3422; x_wconf 89' lang='lat' dir='ltr'><strong>non</strong></span> <span class='ocrx_word' id='word_1_201' title='bbox 884 3355 1107 3442; x_wconf 89' lang='lat' dir='ltr'><strong>protulimus,</strong></span> <span class='ocrx_word' id='word_1_202' title='bbox 1144 3376 1226 3422; x_wconf 92' lang='lat' dir='ltr'><strong>cum</strong></span> <span class='ocrx_word' id='word_1_203' title='bbox 1253 3356 1309 3423; x_wconf 90' lang='lat' dir='ltr'><strong>his</strong></span> <span class='ocrx_word' id='word_1_204' title='bbox 1336 3357 1423 3423; x_wconf 89' lang='lat' dir='ltr'><strong>locis</strong></span> 
     </span>
     <span class='ocr_line' id='line_1_29' title="bbox 239 3461 1423 3552; baseline -0.001 -21"><span class='ocrx_word' id='word_1_205' title='bbox 239 3467 376 3552; x_wconf 86' lang='lat' dir='ltr'><strong>poetae</strong></span> <span class='ocrx_word' id='word_1_206' title='bbox 400 3461 602 3530; x_wconf 78' lang='lat' dir='ltr'><strong>Theocritei</strong></span> <span class='ocrx_word' id='word_1_207' title='bbox 630 3466 760 3547; x_wconf 79' lang='grc' dir='ltr'><em>μίμησις</em></span> <span class='ocrx_word' id='word_1_208' title='bbox 783 3463 827 3529; x_wconf 89' lang='lat' dir='ltr'><strong>ad</strong></span> <span class='ocrx_word' id='word_1_209' title='bbox 852 3465 1050 3529; x_wconf 88' lang='lat' dir='ltr'><strong>Homerum</strong></span> <span class='ocrx_word' id='word_1_210' title='bbox 1075 3463 1194 3550; x_wconf 90' lang='lat' dir='ltr'><strong>potius</strong></span> <span class='ocrx_word' id='word_1_211' title='bbox 1224 3463 1423 3531; x_wconf 86' lang='lat' dir='ltr'><strong>revocanda</strong></span> 
     </span>
     <span class='ocr_line' id='line_1_30' title="bbox 247 3571 438 3638; baseline -0.005 -1"><span class='ocrx_word' id='word_1_212' title='bbox 247 3571 438 3638; x_wconf 89' lang='lat' dir='ltr'><strong>videretur.</strong></span> 
     </span>
    </p>
   </div>
   <div class='ocr_carea' id='block_1_4' title="bbox 241 3693 1423 4102">
    <p class='ocr_par' dir='ltr' id='par_1_4' title="bbox 241 3693 1423 4102">
     <span class='ocr_line' id='line_1_31' title="bbox 357 3693 1422 3781; baseline 0.002 -22"><span class='ocrx_word' id='word_1_213' title='bbox 357 3694 410 3760; x_wconf 87' lang='lat' dir='ltr'><strong>Ad</strong></span> <span class='ocrx_word' id='word_1_214' title='bbox 445 3694 681 3761; x_wconf 86' lang='lat' dir='ltr'><strong>imitationem</strong></span> <span class='ocrx_word' id='word_1_215' title='bbox 719 3693 868 3760; x_wconf 90' lang='lat' dir='ltr'><strong>Homeri</strong></span> <span class='ocrx_word' id='word_1_216' title='bbox 903 3703 940 3760; x_wconf 93' lang='lat' dir='ltr'><strong>et</strong></span> <span class='ocrx_word' id='word_1_217' title='bbox 972 3693 1207 3781; x_wconf 89' lang='lat' dir='ltr'><strong>posteriorum</strong></span> <span class='ocrx_word' id='word_1_218' title='bbox 1243 3693 1422 3781; x_wconf 91' lang='lat' dir='ltr'><strong>epicorum</strong></span> 
     </span>
     <span class='ocr_line' id='line_1_32' title="bbox 245 3799 1423 3888; baseline 0.003 -22"><span class='ocrx_word' id='word_1_219' title='bbox 245 3801 494 3867; x_wconf 87' lang='lat' dir='ltr'><strong>illustrandam</strong></span> <span class='ocrx_word' id='word_1_220' title='bbox 529 3823 608 3868; x_wconf 90' lang='lat' dir='ltr'><strong>eam</strong></span> <span class='ocrx_word' id='word_1_221' title='bbox 637 3801 811 3888; x_wconf 90' lang='lat' dir='ltr'><strong>optimam</strong></span> <span class='ocrx_word' id='word_1_222' title='bbox 841 3822 918 3868; x_wconf 89' lang='lat' dir='ltr'><strong>esse</strong></span> <span class='ocrx_word' id='word_1_223' title='bbox 947 3800 1121 3867; x_wconf 88' lang='lat' dir='ltr'><strong>rationem</strong></span> <span class='ocrx_word' id='word_1_224' title='bbox 1151 3799 1347 3886; x_wconf 88' lang='lat' dir='ltr'><strong>censebam,</strong></span> <span class='ocrx_word' id='word_1_225' title='bbox 1382 3811 1423 3869; x_wconf 92' lang='lat' dir='ltr'><strong>ut</strong></span> 
     </span>
     <span class='ocr_line' id='line_1_33' title="bbox 241 3907 1422 3996; baseline 0.002 -23"><span class='ocrx_word' id='word_1_226' title='bbox 241 3907 402 3996; x_wconf 88' lang='lat' dir='ltr'><strong>primum</strong></span> <span class='ocrx_word' id='word_1_227' title='bbox 427 3909 471 3974; x_wconf 91' lang='lat' dir='ltr'><strong>de</strong></span> <span class='ocrx_word' id='word_1_228' title='bbox 486 3908 573 3975; x_wconf 92' lang='lat' dir='ltr'><strong>locis</strong></span> <span class='ocrx_word' id='word_1_229' title='bbox 590 3910 789 3995; x_wconf 89' lang='lat' dir='ltr'><strong>complures</strong></span> <span class='ocrx_word' id='word_1_230' title='bbox 807 3929 929 3976; x_wconf 87' lang='lat' dir='ltr'><strong>versus</strong></span> <span class='ocrx_word' id='word_1_231' title='bbox 946 3907 1271 3994; x_wconf 87' lang='lat' dir='ltr'><strong>complectentibus,</strong></span> <span class='ocrx_word' id='word_1_232' title='bbox 1294 3908 1422 3976; x_wconf 89' lang='lat' dir='ltr'><strong>deiude</strong></span> 
     </span>
     <span class='ocr_line' id='line_1_34' title="bbox 247 4013 1423 4102; baseline 0.003 -22"><span class='ocrx_word' id='word_1_233' title='bbox 247 4015 295 4081; x_wconf 91' lang='lat' dir='ltr'><strong>de</strong></span> <span class='ocrx_word' id='word_1_234' title='bbox 322 4013 475 4101; x_wconf 84' lang='lat' dir='ltr'><strong>singulis</strong></span> <span class='ocrx_word' id='word_1_235' title='bbox 504 4015 665 4082; x_wconf 90' lang='lat' dir='ltr'><strong>versibus</strong></span> <span class='ocrx_word' id='word_1_236' title='bbox 694 4014 956 4102; x_wconf 88' lang='lat' dir='ltr'><strong>componendis,</strong></span> <span class='ocrx_word' id='word_1_237' title='bbox 986 4023 1063 4081; x_wconf 90' lang='lat' dir='ltr'><strong>tum</strong></span> <span class='ocrx_word' id='word_1_238' title='bbox 1091 4013 1136 4080; x_wconf 93' lang='lat' dir='ltr'><strong>de</strong></span> <span class='ocrx_word' id='word_1_239' title='bbox 1162 4014 1323 4101; x_wconf 89' lang='lat' dir='ltr'><strong>partibus</strong></span> <span class='ocrx_word' id='word_1_240' title='bbox 1349 4037 1423 4083; x_wconf 90' lang='lat' dir='ltr'><strong>ver·</strong></span> 
     </span>
    </p>
   </div>
   <div class='ocr_carea' id='block_1_5' title="bbox 245 4166 1425 4364">
    <p class='ocr_par' dir='ltr' id='par_1_5' title="bbox 245 4166 1425 4364">
     <span class='ocr_line' id='line_1_35' title="bbox 361 4166 1425 4279; baseline 0 -23"><span class='ocrx_word' id='word_1_241' title='bbox 361 4192 386 4279; x_wconf 91' lang='lat'><strong>¹)</strong></span> <span class='ocrx_word' id='word_1_242' title='bbox 409 4166 602 4266; x_wconf 47' lang='lat' dir='ltr'><strong>LiGenther,</strong></span> <span class='ocrx_word' id='word_1_243' title='bbox 624 4187 711 4256; x_wconf 84' lang='lat' dir='ltr'><strong>Uber</strong></span> <span class='ocrx_word' id='word_1_244' title='bbox 724 4198 870 4257; x_wconf 85' lang='lat' dir='ltr'><strong>Theokrit</strong></span> <span class='ocrx_word' id='word_1_245' title='bbox 886 4197 971 4256; x_wconf 87' lang='lat' dir='ltr'><strong>XXV</strong></span> <span class='ocrx_word' id='word_1_246' title='bbox 994 4198 1055 4256; x_wconf 89' lang='lat' dir='ltr'><strong>und</strong></span> <span class='ocrx_word' id='word_1_247' title='bbox 1082 4197 1226 4257; x_wconf 86' lang='lat' dir='ltr'><strong>Moschos</strong></span> <span class='ocrx_word' id='word_1_248' title='bbox 1249 4197 1302 4268; x_wconf 85' lang='lat' dir='ltr'><strong>lv,</strong></span> <span class='ocrx_word' id='word_1_249' title='bbox 1325 4215 1425 4275; x_wconf 83' lang='lat' dir='ltr'><strong>progr.</strong></span> 
     </span>
     <span class='ocr_line' id='line_1_36' title="bbox 245 4285 786 4364; baseline -0.002 -18"><span class='ocrx_word' id='word_1_250' title='bbox 245 4307 348 4364; x_wconf 74' lang='lat' dir='ltr'><strong>gymn.</strong></span> <span class='ocrx_word' id='word_1_251' title='bbox 370 4287 501 4350; x_wconf 82' lang='lat' dir='ltr'><strong>Luckav.</strong></span> <span class='ocrx_word' id='word_1_252' title='bbox 529 4285 609 4347; x_wconf 83' lang='lat'>1891</span> <span class='ocrx_word' id='word_1_253' title='bbox 637 4307 667 4363; x_wconf 85' lang='lat' dir='ltr'><strong>p.</strong></span> <span class='ocrx_word' id='word_1_254' title='bbox 689 4285 786 4348; x_wconf 85' lang='grc'><strong>3-7.</strong></span> 
     </span>
    </p>
   </div>
   <div class='ocr_carea' id='block_1_6' title="bbox 0 0 1724 5036">
    <p class='ocr_par' dir='ltr' id='par_1_6' title="bbox 0 0 1724 5036">
     <span class='ocr_line' id='line_1_37' title="bbox 0 0 1724 5036; baseline 0 0"><span class='ocrx_word' id='word_1_255' title='bbox 0 0 1724 5036; x_wconf 95' lang='lat' dir='ltr'><strong> </strong></span> 
     </span>
    </p>
   </div>
  </div>
 </body>
</html>
