3434 5036
773 369 997 437 ..14-

294 583 494 670 legentium
518 583 627 650 animi
651 583 688 650 in
712 586 817 652 rebus
841 585 962 652 relatis
986 595 1022 652 et
1045 607 1235 674 parumper
1250 585 1474 673 requiescant

294 698 360 757 aut
393 689 598 780 subsistant.
645 694 723 758 Nec
757 692 886 759 mirum
922 703 977 759 est
1004 693 1111 760 etiam
1142 693 1179 758 in
1209 693 1366 760 Hercule
1394 693 1473 760 illas

293 797 385 863 duas
421 798 702 884 comparationes
738 799 953 886 copiosiores
987 809 1147 887 spectare
1182 800 1225 866 ad
1263 800 1476 867 Homericas

295 925 426 990 easque
449 904 486 970 in
510 903 629 988 Iliade,
666 905 766 973 cuius
790 906 990 991 imaginum
1014 907 1115 992 copia
1138 906 1272 993 largior
1294 907 1342 974 sit
1365 928 1472 993 quam

293 1011 485 1094 Odysseae,
510 1023 740 1079 occurrentes.
779 1015 814 1077 N
817 1035 856 1079 ec
876 1035 958 1080 vero
975 1035 1100 1100 parum
1118 1022 1201 1101 apte
1216 1014 1298 1080 illae
1315 1035 1473 1100 assump-

296 1126 353 1183 tae
376 1113 470 1201 sunt,
494 1117 556 1184 sed
581 1118 675 1185 haud
701 1120 793 1185 male
817 1118 904 1185 mihi
923 1119 1066 1205 quidem
1083 1120 1279 1187 sententias
1294 1120 1472 1188 illustrare

295 1223 473 1292 videntur.

306 1369 308 1375 ι
408 1332 630 1398 Proferamus
654 1331 712 1398 hic
737 1355 767 1399 v.
792 1330 835 1398 88
859 1355 932 1420 sqq.

402 1457 502 1540 αὐτὰρ
526 1460 628 1522 ἔπειτα
650 1459 724 1542 βόες
746 1459 832 1542 μάλα
855 1462 964 1543 μυρίαι
987 1461 1076 1524 ἄλλαι
1099 1462 1147 1524 ἐπ’
1174 1461 1279 1531 ἄλλοις

404 1565 572 1648 ἐρχόμεναι
594 1567 744 1648 φαίνονθ’
771 1567 846 1631 ὡσεὶ
869 1569 948 1650 νέφη
973 1568 1151 1641 ύόατόεντα,

335 1665 379 1734 90
403 1661 534 1736 ἑέσσατ’
558 1673 591 1736 έν
615 1675 745 1756 οὐρανῷ
768 1675 843 1737 εἶσιν
866 1675 1059 1756 ἐλαυνόμενα
1081 1675 1263 1757 προτέρωσε

404 1778 440 1861 ἠέ
464 1779 567 1843 νότοιο
589 1781 642 1862 βίη
666 1780 703 1861 ἠὲ
730 1777 860 1862 Θρῃκὸς
882 1782 1009 1862 βορέαο.

404 1891 469 1948 τῶν
491 1887 550 1966 μέν
572 1874 599 1946 τ’
623 1887 706 1956 ούτις
729 1885 868 1968 ἀριθμὸς
891 1888 924 1950 έν
947 1889 1016 1970 ι’γέρι
1040 1875 1129 1968 γίνετ>
1152 1888 1274 1960 ι’όνιων,

403 1980 473 2054 ούθ
497 1992 623 2060 ἄνυσις·
661 1992 739 2055 τόσα
761 1993 822 2074 γάρ
844 2017 876 2056 τε
898 1992 976 2074 μετὰ
999 1995 1177 2075 προτέροισι
1200 1995 1335 2058 κυλίνδει

406 2101 435 2166 ἲς
458 2098 587 2177 ἀνέμου,
610 2096 647 2158 τὰ
673 2097 708 2160 δέ
729 2086 755 2159 τ’
780 2098 857 2161 ἄλλα
880 2099 1066 2180 κορύσσεται
1090 2097 1176 2169 αὖτις
1198 2100 1247 2162 ἔπ’
1273 2101 1394 2172 ἄλλοις·

336 2198 378 2266 95
401 2203 485 2265 τόσσ’
512 2203 569 2265 nial
591 2203 762 2284 μετόπισθε
784 2205 874 2286 βοῶν
897 2204 947 2267 ἐπὶ
969 2205 1111 2287 βουκόλι’
1137 2207 1192 2288 ᾔει.

296 2310 348 2376 Ut
377 2309 557 2373 Homerus
591 2308 916 2394 comparationibus
944 2331 1050 2396 saepe
1079 2310 1191 2377 utitur
1218 2311 1262 2377 ad
1287 2333 1328 2378 ea
1352 2313 1473 2399 depin-

294 2413 422 2501 genda,
458 2435 550 2500 quae
577 2436 711 2500 magna
740 2425 776 2481 et
799 2415 975 2483 mirabilia
999 2416 1174 2502 videntur,
1209 2419 1302 2504 quod
1326 2419 1471 2485 raritate

291 2541 361 2588 sua
384 2522 562 2588 excellunt
586 2529 621 2588 et
644 2522 789 2588 modum
808 2523 985 2590 excedunt
995 2522 1025 2612 ¹),
1049 2524 1101 2590 ita
1115 2524 1184 2590 hoc
1198 2525 1276 2590 loco
1292 2525 1471 2589 numerosi

295 2627 435 2714 Angiae
451 2650 580 2714 greges
597 2628 703 2695 boum
720 2629 817 2695 hand
833 2629 953 2716 inepte
962 2629 986 2716 2)
1004 2651 1083 2696 curn
1106 2629 1259 2696 nubibus
1282 2628 1471 2695 imbriferis

293 2735 415 2801 collati
440 2735 675 2804 illustrantur.
728 2736 885 2803 Debetur
920 2747 1039 2803 autern
1074 2737 1133 2803 hic
1170 2737 1270 2802 locus
1308 2735 1470 2804 versibus

296 2840 417 2908 Iliadis
441 2847 473 2908 A
496 2837 562 2906 422
586 2864 658 2928 sqq.

401 2951 448 3020 ὡς
472 2938 501 3012 θ’
525 2939 570 3014 ὅτ’
594 2952 627 3014 έν
650 2952 781 3035 αἰγιαλῷ
803 2953 954 3035 πολυηχέι
977 2958 1065 3034 κῦμα
1085 2952 1248 3034 θαλάσσης

402 3045 507 3139 ὅρνυτ>
531 3058 741 3140 ἐπασσύτερον
765 3059 915 3142 Ζεφύρου
938 3060 1002 3123 ύπο
1025 3061 1224 3142 κινήσαντος·

400 3163 507 3246 πόντῳ
530 3165 589 3246 μέν
610 3189 643 3228 τε
664 3170 777 3246 πρῶτα
800 3167 993 3248 κορύσσεται,
1017 3165 1117 3246 αὐτὰρ
1141 3167 1243 3229 ἔπειτα

303 3265 372 3333 425
395 3271 501 3353 χέρσῳ
524 3271 721 3354 ῥηγνύμενον
743 3272 864 3353 μεγάλα
887 3273 1004 3354 βρέμει,
1029 3271 1111 3353 ἀμφὶ
1135 3271 1171 3334 δέ
1191 3259 1219 3332 τ’
1243 3271 1344 3352 ἄκρας

401 3377 518 3459 κυρτὸν
541 3377 589 3441 ἰὸν
612 3383 818 3461 κορυφοῦται,
842 3378 996 3442 ἀποπτύει
1021 3364 1050 3441 δ’
1067 3376 1142 3447 ἁλὸς
1158 3377 1265 3459 ἄχνην.

402 3482 448 3555 ὥς
470 3472 532 3548 τότ’
556 3485 760 3567 ἐπασσύτεραι
783 3485 920 3548 Δαναῶν
943 3485 1066 3548 κίνυντο
1090 3484 1248 3566 φάλαγγες
1339 3523 1342 3528 -

401 3591 570 3673 νωλεμέως
592 3591 775 3672 πολεμύνδε.
927 3575 934 3592 “

292 3697 338 3760 In
368 3695 574 3764 universum
603 3695 694 3762 ratio
722 3716 792 3781 qua
820 3695 857 3761 in
887 3693 1047 3761 versibus
1070 3690 1113 3759 89
1137 3716 1211 3780 sqq.
1236 3716 1291 3761 res
1314 3694 1407 3762 inter
1431 3715 1469 3761 se

295 3801 524 3867 conteruntur
553 3801 743 3868 Homerica
778 3810 841 3868 est.
889 3801 943 3867 Ad
973 3800 1120 3867 eandem
1157 3799 1251 3867 enim
1286 3822 1359 3866 rem
1392 3800 1470 3868 illu-

290 3907 485 3989 strandam,
509 3908 588 3975 dico
611 3909 758 3975 densam
782 3916 1047 3993 coartatamque
1072 3905 1347 3990 multitudinem,
1372 3928 1470 3975 usur-

295 4023 417 4100 patam
441 4035 518 4080 esse
542 4014 839 4102 comparationem
865 4014 1019 4081 eflicitur
1043 4036 1088 4081 ex
1110 4012 1238 4097 verbis,
1273 4013 1311 4079 in
1340 4014 1468 4101 quibus

406 4231 430 4309 ¹)
454 4228 659 4290 Passowius'l.
682 4236 700 4291 l.
723 4253 754 4310 p.
779 4232 799 4294 3
824 4250 868 4308 sq.

404 4318 431 4402 ²)
455 4321 584 4379 Prinzius
607 4323 626 4378 l.
649 4323 667 4381 l.
692 4341 722 4397 p.
745 4321 797 4390 92.
