3382 5056
810 431 1030 508 ...88-

563 651 755 716 καλοπέδιλα
802 646 867 716 103
912 651 1022 738 (ἅπαξ
1043 647 1227 738 εἰρημένον)

330 774 437 860 gloss.
477 779 544 841 τῶν
577 777 689 842 ποδῶν
716 766 910 866 ὑποδήματα
945 776 1074 864 ligneas
1109 779 1241 842 calceos.
1303 778 1380 842 Nec
1418 796 1502 843 vero

329 880 533 966 Fritzschio,
569 882 630 970 qui
667 883 915 951 Hermannum
951 905 1069 972 opuse
1091 886 1179 952 VIII
1209 905 1240 971 p.
1264 879 1330 948 325
1359 891 1502 950 secutus

328 989 370 1055 ad
404 989 439 1054 h.
468 989 491 1057 1.
533 989 719 1058 adnotavit
752 991 999 1078 sagenafieantnr
1031 997 1145 1058 antem
1177 992 1318 1057 vincula
1353 1013 1370 1056 e
1404 990 1503 1057 coriis

315 1097 427 1181 sacta,
464 1097 584 1182 qaa'bas
619 1121 721 1164 arara
754 1121 935 1164 vaccarum
963 1101 1228 1186 margendararn
1262 1097 1502 1186 atterebantur,

326 1209 367 1267 at
397 1211 503 1290 prope
540 1204 661 1294 (ἐγγὺς)
685 1205 878 1294 atrimqne
914 1213 1043 1272 stantes
1086 1205 1326 1297 (παρασταδὸν)
1364 1210 1505 1292 possent

321 1315 475 1396 pastores
502 1311 608 1377 abero
624 1320 801 1398 prensare,
830 1337 874 1380 na
898 1315 984 1380 illae
1006 1314 1269 1399 recalcitrarent,
1293 1312 1502 1400 adstipulari

326 1437 489 1503 possum3
526 1441 598 1486 non
627 1420 721 1487 enim
751 1420 796 1486 ad
825 1421 942 1506 boum,
977 1423 1037 1493 sed
1067 1423 1112 1489 ad
1141 1444 1224 1490 suos
1252 1421 1365 1509 ipsius
1394 1421 1502 1508 pedes

325 1525 432 1591 horno
456 1526 524 1609 ille,
548 1527 592 1593 de
616 1549 685 1613 quo
709 1528 746 1594 in
770 1551 801 1595 v.
818 1525 883 1594 103
908 1529 1036 1617 agitur,
1060 1530 1196 1596 calceos
1220 1529 1356 1616 alligat.

562 1685 748 1778 κνήμαργον
788 1686 853 1754 127
900 1682 1008 1778 (ἅπαξ
1030 1688 1210 1782 εἰρημένον)

326 1815 434 1900 gloss,
458 1811 668 1888 λευκόποόες.
720 1815 923 1900 Hesychius
947 1815 1055 1883 vertit
1077 1814 1258 1907 κνημώδης,
1279 1819 1500 1908 παχύκνημος;

325 1931 483 1990 attamen
512 1945 583 1988 non
613 1923 673 2010 qui
696 1945 830 2010 crassas
855 1922 961 1991 tibias
985 1924 1046 1991 sed
1075 1925 1137 2011 qai
1156 1946 1259 1990 arara
1281 1925 1356 1989 alba
1379 1925 1504 1988 liabent

326 2028 576 2114 significantur
603 2028 734 2120 (κνήμη,
764 2020 887 2119 ἀργός).
936 2029 1025 2097 Cum
1049 2020 1139 2116 ἆργι-
1162 2022 1280 2120 (ἄργος
1299 2059 1343 2092 =
1359 2031 1501 2114 nitidas,

324 2135 431 2224 albas)
460 2137 656 2224 composita
685 2147 740 2204 est
764 2137 824 2203 sed
850 2138 909 2222 ita,
940 2148 981 2206 ut
1005 2127 1095 2227 ἇργι-
1117 2138 1270 2226 priorem
1294 2138 1378 2205 novi
1402 2138 1501 2205 verbi

325 2252 462 2329 partem
487 2243 627 2325 efficiat,
659 2244 755 2331 apud
784 2247 980 2312 Homerum
1006 2267 1078 2313 vox
1106 2243 1276 2336 ἄργιόόοος
1302 2247 1379 2332 (qni
1411 2247 1502 2311 albas

324 2349 424 2418 habat
447 2351 586 2439 dentes).

325 2550 354 2627 ὁ)
378 2533 644 2616 νοονοοῙοονέ
667 2548 785 2614 radice
809 2549 944 2617 verbali
969 2561 1005 2618 et
1030 2549 1254 2619 substantivo
1278 2549 1500 2637 componitur

559 2707 726 2793 ἕχέσνονον
772 2706 837 2775 213
884 2702 996 2798 (ἅπαξ
1019 2709 1201 2806 εἰρημένον)

323 2833 429 2919 gloss
466 2829 616 2918 χαλεπὸν
651 2833 766 2902 στόνον
803 2839 916 2920 ἔχοντα
951 2837 1121 2922 genitam
1154 2837 1356 2924 afferentem.
1415 2838 1495 2902 Hoc

324 2941 541 3008 adiectivum
570 2941 646 3008 sine
674 2941 783 3008 dnbio
811 2943 855 3008 ad
892 2944 1094 3030 exemplum
1126 2943 1273 3010 Homeri
1308 2945 1499 3010 formatum

323 3057 389 3122 est;
425 3071 539 3134 neque
568 3049 667 3138 enirn
704 3049 779 3116 veri
812 3050 986 3117 dissimile
1024 3060 1079 3118 est
1109 3059 1236 3137 poetae
1269 3059 1388 3119 nostro
1417 3059 1500 3117 ante

322 3155 443 3221 oculos
473 3155 660 3222 obversata
689 3178 775 3241 esse,
805 3178 895 3243 quae
925 3156 1018 3244 apud
1049 3157 1245 3224 Homerum
1275 3157 1319 3223 ad
1347 3157 1499 3243 sagittas

322 3263 378 3330 vel
407 3271 583 3354 tormenta
611 3262 722 3329 relata
751 3263 983 3332 inveniuntur
1013 3263 1171 3351 epitheta
1201 3262 1377 3355 ἕχεπεοκής,
1406 3266 1499 3331 πολύ-

324 3395 447 3443 (novoc-

326 3603 363 3691 b)
389 3604 573 3672 Vocabnla
602 3627 621 3671 e
649 3613 734 3672 noto
764 3615 799 3673 et
829 3604 960 3672 usitato
990 3604 1142 3692 quodam
1171 3605 1378 3673 derivantur
1406 3628 1499 3674 nova

694 3711 943 3780 terminatione
966 3711 1135 3780 adhibita.

602 3846 762 3946 α’μόλγιον
806 3852 872 3922 106

321 3979 429 4066 gloss.
464 3983 647 4068 κισσύβιον,
672 3983 858 4048 nalctrana
897 4002 961 4068 pro
997 3981 1181 4049 usitatiore
1216 4005 1302 4051 voce
1337 3973 1499 4074 οἷμολνεύς

322 4086 521 4154 adhibitum
540 4097 604 4156 est.
644 4092 686 4154 In
703 4089 811 4157 schol.
824 4087 1076 4158 LucianiHes.
1094 4089 1161 4155 c.4
1184 4111 1306 4176 vocem
1331 4093 1500 4181 ἀμολγεῖον

292 4263 296 4270 ,
321 4193 527 4262 Dindoriins
544 4197 700 4263 mutavit
715 4197 752 4262 in
769 4186 935 4282 σῗμόλγιον.
964 4194 1033 4264 Sed
1052 4196 1159 4263 etiam
1176 4196 1213 4263 in
1230 4196 1356 4284 lingua
1369 4199 1499 4268 Latina

319 4301 386 4368 hoc
409 4302 622 4369 vocabulum
648 4303 807 4370 diversas
829 4302 1097 4371 terminationes
1120 4304 1281 4390 praebet:
1303 4305 1499 4388 mulctram,

326 4410 480 4493 mulctra,
504 4395 752 4493 natatoriam,
776 4410 962 4489 analatral.
1062 4441 1071 4458 ν
