3382 5056
776 397 996 468 ..36-

399 612 465 682 256
510 616 617 701 ἤλασα
639 607 704 682 και
726 616 869 706 κεφαλῆς

339 729 385 790 ΙΠ
404 719 467 788 411
475 743 525 809 sq.
793 749 798 757 ·
1254 719 1336 808 βάλε
1359 721 1476 812 πέτρῳ

523 828 669 920 (μέσσην)
692 823 755 895 κὰκ
777 829 930 919 κεφαλήν.

399 1039 465 1108 278
1000 1041 1057 1108 καὶ
1081 1032 1281 1134 ἄμφεθέμην
1303 1041 1471 1129 μελέεσσιν

366 1178 383 1217 ν
406 1146 468 1249 43931
480 1172 529 1236 sq.
1196 1140 1283 1235 αμφὶ
1306 1149 1344 1218 δὲ
1367 1149 1472 1238 δέρμα

420 1251 444 1306 't‘
507 1252 717 1338 Ι(πάντεσσιν)
739 1255 891 1340 μελέεσσι
914 1257 1060 1323 παλαιοῦ
1083 1261 1170 1347 θῆκε
1193 1255 1354 1346 γέροντος.
1390 1307 1394 1320 ,

401 1469 613 1536 Afferendus
637 1478 691 1536 est
713 1467 771 1536 hic
794 1468 902 1536 etiam
926 1491 1051 1538 versus
1074 1466 1126 1554 12,
1157 1468 1218 1557 qui
1242 1469 1476 1555 singulariter

296 1578 535 1644 conlormatus
568 1587 630 1660 est,
664 1597 744 1643 cnm
777 1586 883 1665 poeta
913 1577 1057 1663 singula
1080 1577 1255 1645 vocabula
1279 1597 1298 1640 e
1321 1575 1475 1643 diversis

294 1684 362 1751 loci
386 1684 424 1750 in
448 1705 552 1750 usum
577 1685 694 1751 vocati
718 1682 880 1751 versibus
904 1683 1104 1770 sumpserit

420 1807 465 1874 12
576 1807 676 1898 χωρὶς
699 1808 736 1876 δὲ
746 1808 771 1895 ¹)
795 1805 892 1896 σηκοί
915 1831 978 1899 σφι
1000 1807 1189 1896 τετυμμένοι
1212 1805 1297 1876 εἰσὶν
1319 1805 1478 1887 ἑκάσταις

373 1943 387 1983 ι
410 1910 558 2002 2l9sqq.
582 1917 692 2004 ταρσοὶ
713 1915 774 2000 μὲν
795 1920 899 2003 τυρῶν
920 1917 1050 2000 βρῖθον,
1077 1912 1245 1982 στείνοντο
1270 1914 1311 1982 δὲ
1334 1913 1449 2003 σηκοὶ

586 2011 697 2106 ἆρνῶν
718 2011 771 2111 ἧδ’
795 2024 913 2113 ἐρίφων
926 2039 933 2054 ·
946 2021 1177 2110 διακεκριμέναι
1200 2021 1238 2089 δὲ
1261 2021 1419 2089 ἕκασται

586 2131 711 2217 ἔρχατο,
733 2127 837 2212 χωρὶς
856 2127 917 2213 μὲν
933 2130 1104 2218 πρόγονοι,
1127 2127 1231 2213 χωρὶς
1246 2128 1283 2195 δὲ
1297 2128 1474 2214 μέτασσαι,

585 2234 706 2323 χωρὶς
729 2235 757 2300 ‹l‘
782 2225 860 2302 αὖθ’
876 2234 977 2323 ἕρσαι.
1006 2242 1094 2302 ναῖον
1109 2235 1137 2302 δ’
1156 2235 1223 2324 ὀρῷ
1239 2223 1341 2325 ἄγγεα
1355 2233 1477 2319 πάντα,

586 2339 702 2431 γαυλοί
712 2367 746 2410 τε
754 2343 910 2432 σκαφίδες
918 2365 963 2425 τε,
974 2345 1280 2427 τετυγμένα,τοῖς
1290 2339 1475 2430 ἐνάμελγεν,

654 2738 673 2818 5
696 2730 727 2797 4.
773 2736 827 2800 De
855 2732 1111 2820 paraphrasi.

404 2897 481 2961 Iam
510 2914 594 2960 vero
622 2902 845 2960 transeamus
869 2893 913 2960 ad
938 2914 997 2960 eos
1023 2915 1156 2976 versus
1184 2892 1221 2958 in
1246 2893 1373 2979 quibus
1397 2914 1478 2960 sen·

180 3067 181 3070 ,
299 3000 431 3069 tentiae
470 3021 550 3067 cum
590 2999 708 3087 aliquo
747 3010 843 3067 certo
882 3022 985 3067 versu
1025 3000 1172 3066 Homeri
1212 3000 1348 3067 aliusve
1383 2999 1475 3087 epici
1565 3078 1577 3094 .

297 3117 423 3195 poetae
458 3107 684 3194 proferuntur
719 3128 925 3174 communes
961 3116 1024 3172 aut
1058 3107 1199 3190 similes,
1238 3107 1317 3173 aliis
1354 3115 1476 3172 tamen

297 3213 415 3283 verbis
450 3235 649 3300 expressae.
697 3213 816 3280 Huius
851 3212 902 3279 rei
937 3215 1099 3300 exempla
1133 3213 1366 3281 inveniuntur
1400 3234 1476 3280 non.

297 3342 419 3408 pauca,
442 3320 478 3387 id
503 3319 597 3409 quod
622 3341 667 3386 ex
689 3319 870 3407 proposito
894 3329 1020 3407 poetae
1045 3319 1147 3386 facile
1169 3319 1399 3406 intellegitur.

445 3461 466 3529 5
510 3457 564 3531 τὸν
587 3460 649 3552 γάρ
671 3486 757 3551 φασι
780 3461 964 3551 μέγιστον
992 3465 1239 3547 ἐπουρανίων
1260 3463 1474 3546 κεχολῶσθαι

346 3575 376 3638 Ω
399 3570 521 3659 ll3sq.
1042 3569 1099 3654 ἐμὲ
1122 3569 1150 3637 δ’
1173 3567 1289 3654 ἔξοχα
1312 3561 1478 3635 πάντων

511 3667 723 3744 ἀθανάτων
745 3679 954 3761 κεχολῶσθαι.

298 3830 513 3844 η--ι--ο

410 3913 433 3989 ¹)
457 3911 500 3984 δὲ,
524 3914 607 3990 quod
629 3932 706 3972 unus
722 3915 820 3972 codex
834 3915 867 3970 M
882 3916 1020 3990 praebet,
1043 3914 1073 3971 in
1092 3913 1202 3971 ceteris
1219 3913 1308 3971 codd.
1323 3917 1474 3970 mutatum

297 4003 415 4060 videtur
441 4003 472 4060 in
496 3998 536 4083 ὀὴ
565 4003 645 4060 haud
669 4004 761 4061 dubie
784 4011 908 4079 propter
930 4011 1074 4070 metrum
1112 4010 1143 4059 at
1165 4009 1283 4061 rectum
1306 4007 1379 4076 puto
1404 4017 1472 4058 esse

299 4086 342 4160 δὲ,
376 4092 448 4167 σιτία
481 4091 574 4149 etiam
597 4093 627 4149 in
650 4110 737 4150 versu
766 4092 807 4152 87
838 4101 908 4150 ante
932 4113 951 4152 σ
973 4093 1073 4150 brevis
1096 4092 1210 4150 vocalis
1233 4090 1408 4166 producitur
1431 4090 1477 4166 (τε

299 4175 447 4264 σηκούς);
475 4180 544 4238 vide
568 4199 647 4256 quae
671 4183 826 4241 annotavit
848 4182 1025 4240 Fritzschius
1050 4182 1089 4239 ad
1106 4183 1135 4238 h.
1151 4183 1169 4238 1.
1185 4179 1368 4238 Coniectura
1392 4175 1419 4238 δ’
1434 4175 1474 4248 οῖ,

298 4289 391 4346 quam
414 4269 601 4327 Meiuekium
628 4278 750 4329 secutus
773 4271 1022 4329 Wilamowitzius
1050 4271 1080 4327 in
1109 4277 1222 4328 textum
1246 4268 1372 4343 recepit,
1399 4265 1478 4324 mihi

300 4360 461 4435 probanda
484 4377 545 4416 non
568 4359 693 4428 videtur,
717 4378 787 4417 cum
811 4360 953 4417 articulus
974 4360 1033 4417 hoc
1057 4361 1126 4418 loco
1150 4360 1301 4434 langueat.
