3382 5056
821 326 1044 394 ...80-

451 540 518 610 247
542 545 769 630 ἁρματοπηγός
793 545 943 610 Ηοιη.Δ
968 539 1034 608 485
1057 545 1178 626 (ἅπαξ).

449 647 514 716 248
538 654 685 723 εὐκέατος
790 651 895 716 Hom.
919 676 934 715 ε
958 645 1001 715 60
1025 652 1142 735 (ἅπαξ).

449 754 515 823 279
537 759 746 842 ταμεσίχροος
792 758 938 823 Hom.A
963 754 1037 822 511.
1061 756 1100 820 Ν
1118 752 1191 821 340.
1222 760 1255 820 Ψ
1272 751 1347 821 803.

537 865 660 948 ι’ωχμός
792 865 897 930 Hom.
920 863 949 929 Θ
971 859 1022 928 89.
1047 859 1112 928 158
1137 863 1182 927 al.

588 1131 621 1210 b)
646 1129 820 1196 Notiones
843 1131 1053 1216 desumptae
1076 1140 1161 1198 suut
1183 1130 1267 1197 hae:

449 1286 516 1355 100
539 1291 654 1376 ἕκηλος
681 1291 805 1356 otiosns
836 1291 869 1357 h.
895 1291 968 1358 Cer.
989 1287 1062 1356 452.
1116 1290 1250 1358 Ceteris
1278 1289 1378 1374 lociS,
1413 1289 1524 1356 etiam

522 1397 633 1484 apud
673 1399 885 1480 Homerum,
931 1398 999 1463 hoc
1038 1397 1254 1464 adiectivum
1295 1396 1405 1463 habet
1445 1396 1524 1463 vim

505 1529 508 1534 ·
541 1503 661 1590 quieti,
686 1506 809 1572 securi.

453 1608 517 1677 128
541 1613 712 1697 ἒπιβήτωρ,
748 1611 841 1698 quod
877 1611 968 1678 verti
1003 1613 1094 1680 solet
1128 1612 1191 1698 qni
1219 1612 1315 1685 solit,
1350 1611 1529 1676 inscendit

540 1757 582 1766 -
606 1719 649 1786 ci,
670 1744 690 1784 σ
716 1715 792 1784 263.
821 1719 940 1802 hymn.
956 1721 1042 1786 XVI
1067 1716 1095 1784 ὃ.
1125 1721 1268 1784 XXXII
1299 1715 1341 1783 18
1369 1754 1421 1801 -,
1452 1717 1525 1784 hoc

539 1826 617 1893 loco
632 1826 877 1912 significanter
892 1827 1019 1893 dicitur
1038 1827 1101 1912 qni
1117 1826 1380 1912 solitfeminnn
1396 1824 1523 1891 eadem

539 1933 685 2000 notione
708 1955 778 2020 qua
802 1936 944 2018 ὀχευτήςῑ
968 1935 986 1997 λ
1009 1930 1073 1998 131
1098 1959 1141 1993 :z
1171 1939 1203 1999 Ψ
1220 1929 1296 2001 278.

450 2035 516 2105 208
539 2042 700 2125 ὀτηρεφής
716 2040 831 2107 active
848 2042 992 2127 desuper
1005 2046 1129 2126 tegens,
1145 2041 1340 2113 imminens,
1359 2047 1525 2124 opacam:

538 2154 583 2214 M
602 2144 653 2212 54.
682 2173 702 2212 κ
727 2143 798 2212 131.
821 2173 848 2231 μ
870 2144 921 2214 59.
969 2147 1102 2215 Ceteris
1125 2147 1220 2230 locis,
1243 2146 1371 2233 quibus
1395 2153 1526 2229 exstat,

540 2253 576 2319 vi
600 2252 743 2340 passiva
767 2254 949 2340 significat
972 2261 1107 2332 tectum,
1131 2263 1278 2340 opacum.

453 2357 515 2425 271
542 2363 716 2433 ἄπνευστος
723 2362 897 2448 facultate
912 2363 1112 2448 respirandi
1126 2362 1318 2436 destitutus,
1336 2360 1524 2426 exanimis:

540 2465 639 2534 ⁶456.
667 2468 772 2556 Apud
790 2467 1079 2556 Theophrastum
1096 2469 1140 2535 de
1156 2490 1250 2536 caus,
1266 2469 1378 2556 plant.
1389 2469 1423 2535 V
1434 2462 1524 2551 10,3

541 2575 840 2662 significationem
865 2575 974 2642 habet
986 2579 1087 2662 flatu
1109 2577 1207 2642 venti
1229 2598 1356 2641 carens.

455 2718 514 2789 Ex
552 2720 620 2785 hoc
658 2718 774 2785 iudice
809 2719 1036 2806 cognoscitur
1066 2740 1171 2786 voces
1207 2719 1324 2806 epicas
1360 2727 1523 2805 apoeta

349 2826 525 2893 adhibitas
550 2827 757 2892 Homericus
774 2848 859 2908 esse,
883 2825 951 2892 nisi
973 2826 1066 2912 quod
1083 2848 1154 2892 una
1171 2829 1304 2910 (ἕκηλος)
1328 2825 1398 2892 alia
1414 2834 1523 2912 atque

348 2934 444 3021 apud
469 2917 665 2999 Homerum
690 2934 834 2998 notione
858 2933 1032 2999 instructa
1055 2943 1118 3001 est.
1168 2937 1284 3020 Atque
1308 2933 1415 3001 etiam
1432 2933 1525 2998 eius-

286 3025 290 3034 *
346 3040 442 3107 modi
471 3040 588 3107 verbis
616 3049 740 3106 auctor
763 3039 870 3106 huius
901 3040 945 3105 de
974 3061 1043 3126 quo
1071 3041 1214 3127 agimus
1243 3039 1410 3106 carminis
1434 3061 1523 3104 usus

347 3157 410 3231 est,
433 3169 523 3233 quae
540 3156 623 3213 ante
641 3168 722 3212 eum
739 3147 891 3232 siugulis
909 3156 1048 3213 tantum
1072 3147 1158 3214 locis
1177 3146 1375 3213 Homericis
1392 3145 1522 3213 tradita

346 3254 426 3338 sint,
450 3263 632 3340 quattuor:
657 3251 892 3338 ἁρματοπηγός,
916 3255 1014 3338 βάσις,
1038 3257 1192 3339 ἔξερωέω,
1216 3257 1372 3326 εὐκέατος.
1497 3273 1498 3276 ’

453 3361 715 3429 Vocabulorum
747 3370 867 3426 autem
897 3361 1086 3447 epicorum,
1119 3361 1247 3448 quibus
1279 3371 1385 3448 poeta
1407 3358 1523 3427 'Pheo-

348 3469 476 3535 criteus
500 3469 597 3536 solus
620 3468 741 3552 utitur,
765 3467 861 3533 haud
880 3490 990 3554 parva
1006 3489 1087 3554 pars
1111 3489 1182 3534 uon
1206 3490 1251 3534 ex
1269 3470 1436 3551 Homero,
1459 3466 1520 3533 sed

348 3597 393 3642 ex
416 3575 560 3662 reliquis
585 3575 800 3642 carminibus
825 3575 933 3660 epicis
959 3575 1211 3642 vetustioribus
1234 3575 1346 3661 petita
1362 3583 1426 3641 est.
1456 3576 1523 3640 Re-

348 3681 535 3769 periuntur
559 3681 652 3748 enim
1014 3679 1018 3688 '

415 3824 452 3889 in
478 3825 667 3892 Hesiodeis

477 3966 517 4035 11
543 3971 764 4057 πολυβότρυος
786 3964 977 4055 frg.122,2
1002 3971 1064 4036 Rz.

479 4073 521 4142 66
544 4078 660 4160 καιρὸν
791 4077 855 4162 Op.
880 4071 952 4140 694.

478 4181 518 4248 71
541 4186 819 4272 Ἀμφιτρυωνιάδη
844 4179 921 4272 (113
948 4207 1017 4267 -ης,
1046 4179 1111 4248 152
1138 4182 1217 4270 -αο)

545 4289 684 4377 Theog.
700 4287 779 4355 317..
798 4291 853 4358 Sc.
873 4285 943 4356 165.
969 4286 1041 4355 416.
1067 4286 1139 4356 433.
1164 4287 1238 4356 459.
1309 4361 1311 4366 ,
