3382 5056
816 291 1036 362 '-86-

334 513 537 600 posterioris
561 521 646 580 sunt
669 511 806 578 aetatis
856 509 993 578 Primus
1019 506 1223 576 Herodotus
1249 506 1389 574 videtur
1413 529 1512 574 com·

334 621 450 709 posita
475 621 537 688 tali
562 620 597 687 vi
621 618 780 707 praedita
804 619 939 701 offerre,
963 618 1005 684 cf.
1022 618 1072 685 VI
1090 611 1134 682 48
1156 616 1358 699 ὑπόθερμος.·

456 902 490 1012 β)
513 926 694 994 Vocabula
720 947 800 992 cum
825 923 903 990 aliis
927 923 1095 1010 praefixis
1119 929 1388 1008 componuntur.

680 1089 815 1173 ἀρρηνές
865 1081 907 1150 83
955 1085 1063 1172 (ἅπαξ
1085 1082 1266 1169 εἰρημένον)

339 1213 456 1285 ferum,
482 1212 635 1299 difficile.
684 1193 784 1277 Haec
812 1232 882 1278 vox
918 1230 1033 1296 neque
1064 1229 1144 1302 cunr
1169 1211 1270 1293 ἄρρην
1294 1228 1407 1292 neque
1432 1227 1511 1272 cum

334 1323 415 1404 ἄρην
439 1318 472 1407 (a
495 1340 570 1406 cop.
587 1318 630 1406 Λ,-
651 1319 749 1408 provio)
773 1316 1023 1403 coniungenda
1048 1326 1114 1398 est;
1144 1337 1208 1380 nec
1232 1313 1348 1401 magis
1372 1314 1512 1381 demon·

335 1425 438 1493 strati
462 1435 581 1513 potest
606 1448 683 1492 eam
708 1424 752 1491 ab
775 1423 854 1512 ipso
878 1424 987 1490 verbo
1014 1426 1167 1509 ἀρράζειν
1189 1423 1246 1506 (ei.
1264 1425 1375 1510 ῥάζειν,
1399 1425 1513 1510 ῥύζειν)

334 1534 561 1622 repetendam
587 1544 649 1600 ant
674 1555 797 1598 coozono
821 1532 1044 1608 ln'rnz'entz'om
1069 1531 1239 1618 epitheton
1255 1530 1513 1616 onomatopoetz'-

335 1641 446 1728 cum1)
475 1663 561 1708 esse.
610 1643 725 1706 Immo
759 1639 901 1706 nonnisi
929 1638 964 1705 id
994 1659 1106 1706 unnrn
1137 1637 1205 1704 dici
1233 1646 1353 1726 potest
1380 1639 1515 1729 ἀρρηνὲς

335 1747 538 1836 significare
562 1751 679 1833 ἄγριον,
710 1748 860 1832 δυσχερὲς
884 1756 918 1812 et
942 1747 1129 1812 cohaerere
1153 1767 1233 1812 cnm
1258 1747 1404 1831 ᾶρρηνεῖν
1429 1745 1459 1810 h.
1483 1767 1512 1812 e.

335 1858 490 1940 λοιδορεῖν
514 1853 704 1942 (Hesych.).

573 2072 796 2155 πολύρραπτον
841 2066 906 2135 265
953 2059 1250 2153 (ἅπαῖεἶρημένον)
1299 2135 1301 2140 ,
1392 2155 1393 2158 ¹
1441 2103 1444 2110 ·

338 2196 444 2282 gloss.
462 2198 682 2282 πολύρραφονς
707 2204 801 2262 certe
824 2194 917 2261 idem
940 2194 1036 2261 vale't
1060 2215 1101 2259 ac
1123 2195 1331 2277 πολύρραφος
1347 2202 1382 2259 et
1398 2173 1512 2275 πολυρ-

335 2306 442 2388 poprie
476 2305 624 2386 nznltum
661 2309 830 2370 consutus.
882 2304 963 2387 Quo
998 2301 1035 2368 in
1064 2300 1240 2368 adiectivo
1268 2300 1512 2388 componendo

334 2417 440 2497 poeta
475 2409 563 2477 nihil
592 2421 663 2477 non
693 2411 737 2476 ad
761 2409 936 2478 rationem
960 2407 1101 2493 direxit3
1127 2407 1313 2474 coniunxit
1336 2407 1431 2474 enim
1455 2407 1513 2474 ad·

334 2517 504 2585 iectivum
538 2519 618 2583 πολὺ
653 2511 732 2584 cum
769 2517 945 2584 adiectivo
983 2516 1116 2584 verbali
1148 2517 1274 2603 ῥαπτός.
1320 2517 1396 2581 Nec
1427 2537 1512 2582 vero

337 2623 498 2691 imitatus
533 2634 587 2691 est
612 2626 820 2707 Homerum,
856 2623 917 2710 qui
952 2622 1048 2689 aliud
1073 2623 1231 2690 eiusdem
1264 2621 1393 2692 radicis
1421 2643 1513 2688 com·

337 2731 494 2818 positum
520 2731 665 2818 praebet
693 2731 796 2798 aliter
819 2731 1009 2797 formatum
1034 2732 1198 2815 ἕνρραῳής
1220 2734 1242 2814 β
1265 2725 1339 2797 354.
1365 2724 1441 2796 380.

575 2931 791 2999 νιολνώόννος
844 2923 910 2992 238

203 3092 205 3098 ¹
334 3044 433 3123 Suid.
468 3055 720 3142 interpretatur
749 3056 767 3118 ὁ
798 3055 831 3118 ἐν
866 3055 986 3138 μεγάλῃ
1021 3055 1127 3137 θλίψει
1158 3057 1205 3118 ὤν
1236 3055 1361 3119 incultos
1384 3055 1513 3119 dolores

334 3162 459 3227 habens
491 3160 643 3248 proprie,
672 3159 707 3229 h.
731 3161 752 3228 1.
777 3161 902 3226 mmtos
940 3153 1068 3226 dolores
1089 3162 1214 3247 ferens
1247 3162 1319 3227 sive
1353 3162 1511 3249 efficiens.

338 3272 421 3337 Post
455 3277 616 3335 nostrum
651 3276 793 3354 poetam
826 3267 958 3354 legitur
992 3267 1081 3334 haec
1115 3290 1186 3335 vox
1215 3269 1337 3336 eadem
1366 3269 1511 3337 notione

334 3378 456 3442 oaenltos
480 3377 608 3468 dolores
628 3376 750 3459 ferens
778 3375 872 3463 apud
897 3374 1096 3442 Marianum
1125 3373 1378 3444 scholasticum'
1402 3377 1511 3444 Anth.

336 3485 430 3551 Plan.
458 3480 538 3567 201,
579 3479 598 3548 3
639 3491 675 3548 et
709 3482 804 3570 apud
840 3481 1038 3566 Meletium,
1078 3483 1121 3549 de
1155 3483 1251 3551 hom.
1288 3493 1360 3550 nat.
1402 3506 1429 3553 c.
1466 3480 1509 3549 30

334 3592 476 3680 (Patrol.
514 3591 651 3658 Graeca
684 3591 737 3656 ed.
763 3589 886 3677 Migne
922 3585 1012 3656 n64
1035 3611 1067 3678 p.
1095 3587 1208 3674 1277),
1245 3577 1511 3677 significatione

334 3700 457 3764 onoltos
481 3700 611 3764 dolores
634 3699 759 3764 habens
785 3699 881 3785 apud·
910 3698 1090 3764 Palladanr
1119 3698 1225 3764 Anth.
1248 3699 1316 3764 Pal.
1332 3700 1385 3764 XI
1402 3695 1510 3782 386‚5

335 3817 371 3872 et
387 3806 481 3892 apud
499 3806 675 3873 Glaucum
693 3805 799 3872 An'th.
819 3806 913 3872 Plan.
930 3802 1004 3886 111,
1023 3802 1051 3871 1.
1099 3805 1234 3873 Eadem
1253 3805 1509 3893 compositione

336 3934 422 3979 usus
446 3923 501 3980 est
523 3913 562 3997 is,
598 3913 659 4000 qni
684 3911 805 3999 Enrip.
829 3910 966 3998 epist.4
991 3910 1172 3995 confinxit,
1209 3911 1381 3978 adhibens
1410 3934 1511 3981 voca-

334 4021 456 4088 bulum
482 4023 693 4087 noiowovvt'o„

423 4287 466 4372 .¹)
490 4291 672 4363 Lobeckins,
695 4295 809 4354 Pathol.
826 4311 914 4355 serm.
933 4292 1045 4353 Graeci
1068 4294 1144 4370 prol.
1160 4313 1190 4368 p.
1210 4293 1280 4354 194.
