3434 5036
800 341 1002 410 ..6-

426 557 534 626 πάντα
557 559 631 643 μάλ’
655 549 820 643 ἐξείποιμ’,
844 548 918 626 ε’πεὶ
941 546 980 625 ol
1003 557 1041 626 σε’
1064 557 1102 647 γε’
1124 583 1211 649 φημι
1233 563 1343 627 κακιῖν
1366 555 1404 635 ἔξ

426 663 564 751 ἔμμεναι
588 655 664 734 oid&
687 670 838 733 κακοῖσιν
861 655 994 734 ἒοικότα
1017 662 1159 757 φύμεναι
1182 655 1291 749 αὐτόν,

427 765 499 839 οἷόν
521 797 575 840 τοι
596 771 682 862 μέγα
704 765 793 852 εἶδος
817 763 1000 857 ἐπιπρέπει.
1033 763 1100 863 ήρά
1124 798 1160 839 νυ
1181 775 1296 852 παῖδας

428 869 610 947 ἆθαναὶτων
631 880 754 946 τοιαίδε
775 871 861 964 μετὰ
884 885 1056 968 θνητοῖσιν
1079 875 1160 946 ἔασι

323 989 511 1053 Mutuatus
546 995 601 1054 est
634 985 672 1052 in
704 985 912 1053 universum
941 986 1160 1060 sententiam,
1186 985 1222 1053 in
1250 987 1307 1054 his
1336 985 1503 1054 versibus

321 1113 525 1179 expressam
549 1091 594 1158 ab
619 1091 799 1178 Odysseae
823 1094 843 1159 d
866 1089 906 1158 61
933 1114 1006 1180 sqq.

840 1189 1032 1289 ειρησόμεθ’
1056 1191 1215 1280 οἵτινές
1199 1225 1294 1268 εστον

429 1297 571 1429 ἇνδρῶν.
596 1295 633 1372 οδ
657 1331 720 1436 γαρ
744 1311 835 1428 opqiv
858 1331 895 1394 με
919 1305 1012 1394 γένος
1034 1296 1195 1376 αἰπόλωλε
1218 1305 1357 1398 τοκήων,

430 1402 502 1480 αλλ
526 1402 653 1499 ανδρῶν
675 1411 767 1502 γένος
790 1392 863 1479 sore*
886 1412 1086 1503 διοτρεφέων
1108 1411 1276 1545 βασιλήων

430 1517 652 1610 σκηπτούχων,
677 1508 748 1586 ἐπεὶ
771 1544 809 1585 ov
833 1543 870 1585 κε
891 1519 986 1586 κακοὶ
1009 1517 1159 1589 τοιούσδε
1182 1521 1316 1590 τέκοιεν.

324 1629 433 1694 Hunc
468 1646 610 1714 quoque
642 1626 762 1692 locum
797 1647 869 1692 non
906 1627 950 1692 ad
986 1626 1133 1694 verbum
1170 1627 1386 1715 exscriptum
1423 1649 1505 1696 esse

324 1755 428 1801 nemo
450 1733 516 1801 erit
537 1732 623 1821 quin
645 1731 846 1820 intellegat3
863 1734 1018 1801 mutavit
1035 1723 1128 1801 enim
1147 1756 1314 1802 versuum
1331 1737 1351 1802 d
1367 1731 1505 1801 61-64

324 1841 355 1912 si
380 1862 451 1908 non
477 1848 588 1908 totam
613 1839 837 1924 sententiam,
862 1849 899 1907 at
922 1850 1016 1907 certe
1039 1841 1149 1908 verba
1173 1851 1277 1928 poeta
1295 1863 1337 1908 ea
1353 1842 1502 1926 ratione,

326 1957 366 2014 ut
400 1947 561 2034 singulas
597 1946 795 2014 sententias
823 1955 886 2014 aut
914 1947 1149 2033 amplificaret
1176 1957 1239 2015 aut
1268 1947 1433 2016 artiorem
1461 1948 1503 2015 in

325 2056 475 2122 formam
514 2053 693 2140 redigeret
732 2064 795 2121 aut
834 2053 912 2121 aliis
951 2054 1098 2121 vocibus
1138 2054 1280 2121 aliunde
1323 2055 1505 2123 arcessitis

325 2161 550 2248 exprimeret.
608 2165 650 2226 In
686 2182 792 2230 versu
827 2158 867 2224 41
906 2159 992 2248 quin
1031 2181 1094 2247 pro
1133 2160 1344 2249 exemplaris
1382 2162 1503 2230 verbis

327 2258 454 2356 ἀνδρῶν
497 2267 697 2361 διοτρεφέων
739 2264 911 2356 βασιλήων
953 2289 1076 2334 vocem
1120 2258 1303 2337 α’θανάτων
1344 2280 1505 2356 poneret,

324 2377 439 2442 facere
463 2397 535 2441 non
559 2375 685 2464 potuit,
709 2375 878 2462 qnoniam
904 2373 961 2442 hic
976 2375 1021 2442 de
1036 2375 1143 2443 heroe
1161 2377 1324 2460 Hercule,
1347 2379 1367 2444 d
1391 2374 1433 2443 63
1457 2377 1506 2443 de

325 2482 541 2551 Telemacho
577 2493 614 2550 et
650 2482 834 2550 Pisistrato
874 2482 1004 2570 agitur.
1061 2484 1131 2551 Sed
1170 2485 1208 2549 in
1248 2483 1506 2570 componendis-

327 2591 488 2658 versibus
524 2590 620 2657 haud
656 2590 765 2656 dubie
799 2589 887 2656 alios
924 2610 1065 2678 quoque
1100 2591 1196 2657 locos
1224 2589 1395 2676 adhibuit,
1423 2589 1505 2657 dico

327 2699 450 2783 hymn.
474 2697 511 2764 in
537 2697 612 2764 Cer.
636 2691 702 2760 213
724 2716 800 2782 sqq.

414 2809 516 2891 χαῖρε,
540 2799 642 2892 γύναι,
665 2801 754 2869 ἐπεὶ
777 2790 821 2868 oli
850 2824 893 2869 σε
915 2807 1043 2869 κακῶν
1066 2791 1128 2868 ἄπ’
1151 2799 1271 2871 ἓόλπα
1289 2801 1419 2893 τοκήων

415 2908 592 2995 ἔμμεναι,
616 2898 689 2976 ἄλλ)
704 2898 858 2999 ἀγαθῶν·
883 2909 945 2976 ε’πί
964 2933 1025 2976 τοι
1044 2908 1203 2997 ’πρέπει
1228 2898 1377 2995 δμμασιν
1399 2904 1506 2991 αἶδώς

415 3015 471 3084 καὶ
494 3013 596 3103 χάρις,
661 3106 662 3109 ¹

327 3126 360 3196 Ξ
379 3121 444 3190 472
644 3113 682 3190 οδ
705 3123 767 3208 μέν
788 3148 849 3209 μοι
872 3119 993 3204 κακδς
1016 3127 1167 3194 εἴδεται
1191 3116 1281 3194 οὐδὲ
1303 3132 1432 3194 κακῶν
1454 3123 1505 3212 ἔξ,

328 3257 355 3298 ω
377 3227 443 3298 252
464 3252 512 3316 sq.
604 3220 681 3300 οδδέ
712 3228 746 3298 τί
774 3253 828 3298 σοι
860 3229 1006 3299 δούλειον
1042 3231 1256 3320 ἐπιπρέπει
1281 3231 1510 3323 εἰσοράασθαι.

609 3331 715 3419 εἶδος
735 3337 804 3406 καὶ
826 3337 1009 3429 μέγεθος.

435 3446 489 3513 Ad
515 3446 695 3532 Odysseae
720 3473 738 3514 o
762 3442 829 3512 504
851 3468 901 3535 sq.

533 3544 636 3641 αὐτὰρ
660 3544 743 3643 ε’μών
767 3544 892 3644 δγρσύς
909 3545 1101 3642 ἐπιείσομαι
1122 3546 1183 3646 ήδὲ
1205 3561 1365 3646 βοτῆρας·

534 3661 690 3748 ἑσπέριος
717 3651 797 3741 δἐἲς
824 3665 906 3729 ἄστυ
936 3657 1017 3730 idda
1045 3654 1110 3748 ἐμοὶ
1133 3661 1211 3751 ἔργα
1234 3659 1363 3746 κάτειμι

331 3778 494 3857 spectant
518 3789 641 3837 versus
665 3768 772 3836 huius
797 3769 962 3836 carminis
986 3767 1028 3836 56
1053 3779 1088 3836 et
1111 3766 1155 3834 57

488 3869 648 3962 χθιζὸς
671 3866 701 3944 δ
725 3866 963 3966 εἰλήλουθεν)
941 3901 995 3942 απ
1031 3879 1156 3957 ἄστεος,
1179 3878 1279 3963 ήμασι
1302 3873 1448 3950 πολλοῖς

534 3989 647 4074 κτήσιν
678 3975 899 4072 εποψδμενος,
929 3974 951 4072 ή
979 3978 1011 4049 oi
1039 3979 1202 4070 νήριδμος
1229 3969 1289 4046 ἐπ’
1322 3968 1440 4069 ἇμρῶν

332 4094 493 4180 Utroque
516 4092 594 4159 loco
618 4089 746 4159 dicitnr
769 4090 813 4156 de
840 4088 959 4174 aliqua
987 4086 1207 4174 inspectione
1230 4107 1399 4174 agrorum
1426 4094 1509 4153 acta

330 4222 352 4267 a
375 4197 592 4268 Telemacho
616 4196 711 4283 apud
737 4198 946 4278 Homerum,
977 4193 1036 4261 hic
1059 4195 1103 4262 ab
1126 4194 1256 4282 Augia
1303 4195 1392 4262 Cum
1419 4214 1511 4262 vero

332 4307 369 4372 in
394 4305 576 4388 Odysseae
599 4302 689 4369 libro
713 4327 731 4370 o
755 4301 992 4370 Telemachus
1015 4303 1222 4392 pronuntiet
1245 4325 1322 4370 sese
1345 4323 1406 4369 rus
1430 4321 1511 4368 esse
