3382 5056
819 321 1040 386 „42-

447 533 515 602 264
561 539 723 622 αὐχένος
747 539 918 622 άρρήκτοιο
940 539 1008 622 περ’
1032 539 1109 602 ἰνίον
1132 538 1247 621 ἤλασε
1268 538 1422 625 προφθάς

330 665 336 680 ⁴
420 645 454 708 E
474 638 516 708 73
561 645 739 729 βεβλήκει
762 646 929 729 κεφαλῆς
951 645 1031 709 κατὰ
1055 646 1131 709 ἰνίον
1154 645 1222 718 ὀξέϊ
1239 640 1341 726 όουρί.

451 840 635 906 Accedunt
658 839 728 906 duo
752 860 886 922 versus,
909 859 1058 924 quorum
1083 848 1234 924 utroque
1257 847 1364 925 poeta
1384 847 1520 905 certum

345 947 547 1033 exemplum
573 946 805 1014 Homericum
830 945 1003 1032 expressit
1027 967 1069 1012 ea
1089 945 1235 1028 ratione,
1259 954 1299 1012 ut
1315 965 1387 1010 non
1403 945 1519 1011 solum

345 1053 454 1120 verba
493 1062 657 1137 mutaret,
697 1054 758 1120 sed
798 1053 1011 1120 sententiam
1050 1073 1191 1140 quoque
1229 1051 1266 1118 in
1306 1051 1520 1119 contrariam

345 1170 508 1228 verteret.

492 1283 513 1349 4
555 1287 681 1370 Ἑρμέω
706 1287 876 1371 ἁζόμενος
899 1286 1003 1368 δεινὴν
1027 1271 1099 1351 όπιν
1122 1286 1266 1351 εἶνοόίοω

388 1394 428 1456 Π
446 1389 511 1457 388
558 1395 594 1457 ἐκ
618 1394 653 1457 όὲ
677 1394 767 1477 δίκην
790 1394 924 1457 ἐλάσωσι
946 1394 1035 1456 θεῶν
1057 1379 1132 1456 όπιν
1156 1395 1224 1458 οὐκ
1246 1391 1435 1479 ἀλέγοντες.

470 1583 513 1652 52
561 1590 763 1653 ἀθανάτων
790 1588 819 1651 ὦ
843 1591 920 1662 ξεῖνε
944 1587 1066 1676 φραόῇ
1088 1611 1170 1658 τινος
1193 1585 1326 1652 ἐνθάδ’
1351 1587 1493 1656 ἱκάνεις

397 1691 514 1761 0720
559 1703 637 1779 νῆας
661 1695 746 1769 ἑλεῖν,
770 1698 806 1759 αἳ
826 1697 944 1777 δεῦρο
963 1696 1066 1759 θεῶν
1090 1697 1212 1780 ἀέκητι
1233 1697 1428 1778 μολοῦσαι.

662 2014 681 2102 ξ
704 2011 735 2083 5.
772 2017 831 2081 De
855 2014 1200 2102 amplificatione.

453 2157 492 2221 ld
518 2179 659 2243 quoque
683 2156 895 2224 artificiosae
919 2158 1185 2246 compositionis
1208 2159 1396 2244 specimen,
1424 2157 1520 2244 quod

345 2263 658 2349 amplificationem
694 2263 825 2348 dicunt,
858 2274 962 2351 poeta
995 2265 1168 2333 adhibuit·
1214 2266 1262 2334 Et
1291 2265 1342 2331 ita
1375 2263 1518 2350 quidem

345 2369 428 2456 egit,
461 2379 502 2436 ut
531 2371 710 2458 exemplar
739 2393 811 2437 non
835 2371 950 2456 modo,
984 2372 1046 2439 ubi
1070 2381 1194 2459 aptum
1218 2371 1414 2444 videbatur.
1446 2392 1518 2438 uno

343 2477 500 2544 alterove
518 2478 625 2545 verbo
642 2488 799 2564 augeret,
817 2501 941 2547 verum
958 2479 1065 2546 etiam
1083 2489 1269 2546 exornaret
1285 2488 1321 2545 et
1337 2479 1519 2565 suppleret

342 2606 526 2671 novasque
560 2586 706 2652 adderet
740 2585 945 2653 sententias.
1005 2587 1120 2670 Quem
1156 2586 1220 2653 tali
1254 2586 1359 2652 modo
1393 2605 1521 2653 versus

342 2712 425 2757 suos
458 2701 729 2778 componentem
762 2713 834 2758 non
862 2713 976 2778 pauca
1003 2716 1047 2759 ex
1076 2692 1154 2759 aliis
1179 2693 1328 2759 Homeri
1355 2690 1520 2759 versibus

342 2795 504 2862 hausisse
537 2807 578 2862 ut
609 2819 672 2884 per
699 2820 737 2864 se
766 2798 839 2865 veri
868 2798 983 2864 simile
1012 2809 1066 2865 est
1092 2799 1143 2865 ita
1172 2822 1215 2866 ex
1245 2799 1392 2866 Homeri
1420 2797 1518 2880 locis,
1634 2839 1638 2846 -

344 2924 432 2989 quos
470 2901 606 2988 aliquot
644 2905 816 2991 exemplis
856 2904 1119 2990 subiunximus,
1157 2906 1387 2992 intellegitur.
1440 2907 1521 2970 Nec

344 3020 464 3076 tamen
487 3030 566 3075 raro
589 3010 626 3075 in
650 3011 705 3076 his
728 3011 891 3079 videmus
908 3013 1059 3096 evenire,
1083 3022 1124 3080 ut
1139 3022 1325 3080 occurrant
1340 3013 1518 3099 quaedam

344 3116 388 3180 ab
414 3117 572 3182 Homero
596 3117 720 3202 aliena,
745 3140 835 3204 quae
858 3121 1068 3205 plerumque
1092 3120 1135 3186 de
1159 3140 1224 3186 suo
1240 3119 1442 3186 exhibuisse
1458 3118 1524 3184 ille

343 3223 523 3308 putandus
548 3234 611 3292 est.

469 3345 513 3414 10
559 3355 595 3415 αἳ
615 3353 642 3415 θ’
660 3352 744 3435 ἱερὸν
766 3354 894 3418 θείοιο
917 3353 1005 3435 παρὰ
1029 3354 1107 3436 ῥόον
1128 3341 1285 3435 Ἀλφειοῖο

395 3457 426 3519 Λ
450 3452 514 3522 726
561 3460 655 3524 ἔνδιοι
679 3459 824 3541 ἱκόμεσθ’
849 3460 934 3542 ἱερὸν
956 3460 1032 3546 ῥόον
1054 3447 1220 3542 Ἀλφειοῖο.

468 3649 512 3717 24
559 3652 723 3738 ὁέόμηνθ’,
747 3658 781 3718 οἳ
798 3656 922 3738 βασιλῆι
943 3655 1043 3719 πολὺν
1065 3657 1119 3720 καὶ
1142 3657 1360 3738 ἀθέσφατον
1376 3640 1474 3737 όλβον

343 3757 573 3845 HeS.Theog.
588 3756 653 3825 974
676 3761 730 3824 τόν
747 3762 773 3824 θ’
790 3761 920 3844 ἀφνειὸν
935 3764 1041 3846 ἔθηκε,
1064 3762 1164 3828 πολὺν
1180 3763 1215 3826 δέ
1230 3764 1261 3825 οἱ
1275 3763 1404 3826 ὤπασεν
1421 3748 1522 3844 όλβον

372 3864 411 3928 cf.
436 3872 470 3931 K
491 3861 511 3928 6
725 3867 824 3932 πολὺν
848 3855 971 3950 όμβρον
994 3870 1226 3950 ἀθέσφατον.

470 4057 513 4125 37
526 4082 575 4147 sq.
602 4063 705 4137 όίζεαι,
730 4066 765 4138 οἵ
782 4065 812 4127 οἱ
835 4059 936 4143 ἔασινς
960 4065 1023 4146 ἐγὼ
1049 4065 1084 4129 δέ
1106 4068 1144 4129 κέ
1165 4088 1212 4130 τοι
1235 4066 1337 4146 σάφα
1360 4064 1474 4133 εἰδώς

555 4170 677 4232 πάντα
699 4170 780 4251 μάλ’
805 4171 950 4251 ἒξείποιμ)

423 4302 441 4359 γ
465 4271 508 4338 80
555 4277 657 4357 εἴρεαι,
681 4276 825 4339 ὁππόθεν
848 4277 952 4357 εἶμέν·
988 4276 1053 4359 ἐγὼ
1079 4278 1114 4341 δέ
1136 4279 1174 4340 κέ
1195 4301 1241 4340 τοι
1264 4277 1426 4349 καταλέξω
