3434 5036
685 469 907 548 -87-

461 699 691 783 τετραπόλοισιν
737 695 780 763 26
826 698 926 783 (ἅπαξ
947 701 1126 784 εἰρημένον)

207 825 311 910 gloss,
346 827 641 909 τετραβολισμένοις
681 829 803 910 quater
834 824 952 891 aratis.
1017 825 1098 890 Hoc
1136 821 1382 910 compositum,

206 933 336 1020 quippe
360 932 454 1018 qnod
478 933 601 999 eadem
625 933 707 1019 lege
731 941 768 999 et
790 931 928 1000 ratione
952 953 1022 1019 qua
1045 933 1205 1018 aprutinae
1221 931 1257 998 in
1274 952 1380 999 versu

206 1036 249 1105 25
273 1039 472 1106 confectum
496 1040 551 1123 sit,
586 1039 722 1106 nullam
758 1040 905 1127 praebet
927 1038 1170 1121 offensionem,
1206 1060 1271 1105 nec
1294 1046 1382 1125 puto

207 1147 300 1213 hanc
334 1167 467 1230 vocem,
502 1146 667 1234 quamvis
702 1155 739 1213 et
762 1155 846 1214 ante
869 1156 996 1233 poetae
1020 1155 1173 1214 aetatem
1199 1156 1235 1213 et
1257 1154 1382 1233 postea

206 1253 243 1319 in
258 1253 404 1321 Graecis
420 1253 549 1321 litteris
566 1255 696 1321 trustra
713 1275 871 1342 quaeras,
888 1263 1014 1341 poetae
1027 1253 1293 1322 adscribendam
1307 1274 1383 1320 esse

205 1360 393 1428 inventori.
435 1361 523 1429 Cnm
543 1360 638 1428 enim
656 1361 732 1428 lieri
750 1371 879 1449 posset,
898 1370 939 1429 nt
955 1370 1162 1429 vervactum
1179 1383 1250 1427 non
1267 1361 1382 1428 solum

204 1471 268 1550 τρὶς
291 1469 352 1535 sed
369 1471 509 1553 τετράκις
524 1490 586 1555 per
603 1490 737 1535 annum
755 1477 872 1536 aratro
892 1468 1117 1555 subigeretur
1132 1469 1230 1554 (vide
1245 1467 1381 1554 Vergil.

207 1597 328 1662 georg.
346 1577 380 1640 II
405 1572 471 1641 398
494 1579 590 1663 sqq.)‚
613 1578 804 1660 τεεράπολος
827 1577 950 1642 eodem
966 1575 1043 1642 iure
1059 1597 1128 1662 quo
1144 1578 1291 1660 τρίπολος
1306 1576 1382 1642 vul-

206 1682 301 1768 garis
326 1682 591 1749 consuetudinis
615 1705 691 1749 esse
717 1682 845 1769 potuit.

209 1993 237 2076 γ)
272 1987 455 2056 Vocabula
491 2010 534 2055 ex
570 1987 754 2056 adiectivis
789 1988 847 2056 vel
880 1987 1056 2056 adverbiis
1085 1997 1120 2054 et
1148 1985 1381 2054 substantivis

542 2133 543 2137 ’
594 2121 595 2124 ’
654 2123 924 2202 componuntur.

440 2265 619 2364 ἇγχόμοροι
655 2230 730 2342 Ι203
777 2267 884 2363 (ἅπαξ
906 2271 1084 2367 εἰρημένον)

206 2401 331 2484 Neque
359 2399 465 2468 huius
494 2400 592 2469 vocis
620 2400 707 2484 (cod.
734 2399 781 2487 D)
810 2421 924 2486 neque
954 2400 1050 2467 vocis
1075 2391 1247 2484 ἄγχίμοροι
1270 2400 1380 2489 (lunt.

205 2505 307 2593 Call.)
343 2529 384 2574 ea
423 2529 528 2594 quam
567 2509 666 2574 locus
704 2508 862 2595 postulat
897 2506 1162 2593 significatione
1186 2508 1402 2594 (propzbqur'·

204 2613 280 2682 sive
304 2614 428 2702 vicini)
451 2615 634 2702 praeditae
656 2615 820 2682 formatio
838 2614 1005 2702 explicari
1024 2622 1153 2700 potest3
1178 2613 1256 2679 sine
1272 2613 1380 2681 dubio

205 2743 327 2788 versus
350 2717 415 2787 203
444 2732 632 2811 corruptus
656 2733 717 2790 est.

442 2900 628 2970 οἶνολέοντα
674 2900 739 2969 168
786 2894 894 2984 (ἅπαξ
917 2901 1096 2991 εἰρημένον)

202 3027 308 3112 gloss,
335 3021 473 3114 χαλεπὸν
495 3029 607 3094 λέοντα
640 3029 848 3093 horrendum
884 3029 1026 3093 leonem.
1077 3027 1211 3098 Eadem
1241 3026 1378 3095 ratione

203 3145 310 3221 atquc
345 3134 433 3200 haec
468 3156 539 3202 vox
575 3156 653 3202 curn
692 3135 851 3222 praelixo
887 3133 976 3202 αἰνο-
1011 3135 1071 3214 ita,
1107 3145 1147 3202 nt
1175 3134 1270 3222 prior
1298 3157 1381 3223 pars

203 3241 408 3328 posterioris
421 3242 634 3310 attributum
649 3243 832 3329 exprimat,
849 3243 1085 3330 compositum
1099 3252 1153 3310 est
1164 3243 1379 3310 vocabulum

204 3349 353 3417 bestiam
371 3349 549 3438 quandam
567 3349 775 3436 significans
792 3353 957 3423 οἶνόλυκος
973 3373 995 3417 a
1011 3350 1168 3423 Leonida
1184 3349 1380 3418 Tarentino

205 3458 313 3526 Anth.
331 3458 485 3530 PalVII
499 3453 573 3542 550,
590 3454 621 3523 2.
658 3449 815 3528 Exstant
831 3468 950 3525 autern
968 3459 1091 3524 eodem
1108 3457 1213 3524 modo
1229 3458 1380 3525 formata

204 3563 430 3632 substantiva

294 3686 466 3778 οἰνόπαρις
489 3689 584 3778 apud
609 3691 768 3757 Alcman.
792 3689 860 3778 lrg.
875 3687 921 3773 *40
945 3700 980 3759 et
1004 3691 1125 3778 Eurip.
1151 3693 1240 3759 Hec.
1258 3687 1322 3757 925

293 3794 510 3886 αἶνοπὲλωρον
533 3798 628 3885 apud
652 3798 805 3885 Oppian.
832 3798 915 3864 Hal.
934 3799 966 3867 V
982 3793 1048 3863 303

293 3903 455 3994 αἱνογίγας
478 3906 573 3992 apud
598 3908 716 3973 Nonn.
743 3905 847 3972 Dion.
864 3905 917 3973 IV
933 3901 998 3970 447

291 4009 520 4100 αῖνοεύραννος
541 4013 634 4099 apud
652 4013 817 4099 ignotum
834 4022 976 4099 poetam
994 4013 1101 4081 Anth.
1117 4013 1213 4082 Plan.
1228 4009 1302 4097 350,
1320 4011 1381 4101 5.¹)

296 4285 317 4362 ¹)
342 4285 375 4343 ln
399 4289 540 4364 Aeschyli
564 4287 702 4364 Choeph.
718 4285 782 4350 315
806 4306 861 4364 pro
887 4288 1002 4346 codicis
1025 4290 1057 4346 Μ
1081 4289 1212 4348 lectione
1237 4283 1381 4371 ὦπάτερ

204 4367 381 4454 αἰνόπατερ
416 4377 600 4453 Hartungins
634 4385 717 4435 recte
752 4377 881 4435 restituit
915 4395 1024 4435 vocem
1060 4369 1247 4452 αἱνοποθές,
1288 4393 1379 4453 quam

203 4465 329 4523 sortasse
354 4466 426 4540 legit
449 4459 620 4535 scholiasta,
645 4467 696 4542 qni
721 4463 807 4528 δεινοὶ
831 4463 951 4527 παθὼν
974 4468 1193 4542 interpretatur.
