3434 5036
399 1395 446 1475 Α.
484 1395 546 1474 De
575 1391 805 1472 imitatione
833 1394 1020 1472 veterum
1049 1358 1263 1493 poctarum
1293 1389 1520 1491 epicorum.

480 1659 521 1724 In
535 1657 707 1744 vestigiis,
724 1678 816 1745 quae
829 1656 865 1722 in
878 1657 946 1724 hoc
957 1665 1120 1744 poemate
1132 1655 1373 1740 inveniuntur,
1387 1665 1551 1722 veterum

373 1775 557 1855 poetarum
575 1765 754 1852 epicorum
770 1762 970 1851 aperiendis
983 1773 1019 1831 et
1030 1762 1283 1851 persequendis
1295 1763 1548 1830 commentatio

374 1884 495 1943 nostra
510 1895 582 1938 non
600 1872 790 1938 delinietur
806 1870 918 1938 Iliade
940 1882 975 1939 et
992 1870 1160 1956 Odyssea,
1183 1870 1243 1936 sed
1268 1880 1394 1937 cetera·
1407 1889 1549 1956 quoque

376 1979 534 2048 carmina
547 1978 655 2066 epica,
672 2000 762 2066 quae
773 1978 915 2066 quidem
929 1978 973 2044 ad
990 1999 1056 2044 nos
1071 1985 1318 2063 pervenerunt,
1337 1976 1549 2044 excutienda

371 2086 595 2156 videbantur.
630 2084 679 2155 Et
694 2085 960 2172 reperiebantur
976 2084 1014 2150 in
1031 2083 1100 2149 illis
1115 2082 1184 2149 loci
1201 2104 1417 2170 quamquam
1435 2082 1550 2170 pauci,

374 2213 462 2280 quos
495 2200 657 2278 putarem
691 2190 774 2258 huic
807 2199 932 2278 poetae
961 2188 1201 2256 Alexandrino
1231 2190 1393 2276 exemplo
1425 2189 1549 2256 tuisse:

373 2300 411 2366 in
437 2299 585 2366 Hesiodi
615 2298 839 2382 carminibus,
872 2297 1015 2383 hymnis
1040 2295 1249 2380 Homericis,
1279 2295 1550 2380 Batrachomyo·

374 2406 524 2489 machia,
541 2405 665 2472 ceteris
682 2405 791 2493 epicis
808 2405 990 2492 poematis,
1008 2426 1157 2492 quorum
1172 2402 1347 2490 reliquiae·
1359 2412 1551 2489 supersunt

373 2535 583 2602 perpaucae;
606 2513 867 2600 epigrammata
883 2535 956 2578 non
973 2513 1151 2599 praebent,
1167 2533 1259 2598 quae
1275 2509 1320 2576 ad
1336 2510 1429 2575 hanc
1445 2531 1550 2597 quae-

375 2621 527 2688 stionem
551 2620 694 2686 iaciant.

481 2761 656 2829 Carminis
685 2769 814 2843 autem,
843 2760 886 2826 de
910 2780 980 2846 quo
1004 2758 1217 2846 disputaturi
1242 2780 1374 2842 sumus,
1406 2767 1551 2846 poetam

375 2866 589 2955 quicumque
617 2866 686 2933 tuit
713 2887 847 2933 morem
877 2865 973 2933 illius
1002 2865 1129 2932 aetatis
1158 2874 1321 2932 secutum
1350 2866 1387 2932 in
1412 2886 1553 2952 compo-

374 2973 511 3040 nendis
539 2973 699 3041 versibus
739 2973 898 3057 Homeri,
943 2972 1112 3061 principis
1157 2981 1282 3040 vatum
1328 2981 1364 3040 et
1402 2994 1550 3060 poeseos

375 3081 592 3148 Graecorum
621 3080 741 3169 epicae
770 3081 871 3168 quasi
900 3079 1066 3167 parentis,
1094 3079 1267 3147 institisse
1291 3079 1455 3167 vestigiis
1478 3079 1551 3146 iam

374 3188 511 3275 pridem
547 3187 615 3254 viri
649 3186 744 3254 docti
779 3196 873 3253 recte
912 3185 1078 3254 viderunt
1121 3185 1334 3271 singulaque
1377 3208 1467 3274 quae
1505 3186 1552 3252 ad

374 3294 612 3361 imitationem
644 3292 800 3361 attinent
823 3293 1053 3380 collegerunt.
1101 3294 1143 3359 In
1169 3294 1431 3360 commentariis
1455 3293 1551 3361 enim

375 3400 551 3468 editorum
585 3422 665 3467 cum
696 3399 846 3467 aliorum
879 3410 954 3468 tum
990 3398 1176 3466 Fritzschii
1208 3409 1244 3466 et
1278 3399 1405 3466 Hilleri
1437 3401 1552 3469 multa

376 3509 539 3594 exempla
562 3518 647 3574 sunt
670 3508 806 3590 collata,
830 3517 1011 3594 praeterea
1035 3516 1071 3574 et
1093 3507 1131 3572 in
1155 3529 1289 3594 magno
1310 3528 1459 3574 numero
1475 3529 1553 3574 eru·

375 3614 529 3681 ditatum
576 3614 927 3698 commentationum,
979 3635 1070 3701 quae
1116 3624 1200 3681 sunt
1246 3615 1290 3680 de
1335 3614 1552 3682 carminibus

376 3719 597 3787 Theocriteis
622 3731 658 3788 et
681 3721 847 3807 genuinis
864 3731 899 3788 et
916 3720 1163 3808 suppositiciis,
1188 3719 1353 3808 equibus
1370 3721 1405 3788 C
1423 3720 1552 3788 Prinzii

377 3827 654 3913 disputationem
668 3849 776 3915 supra
785 3828 966 3895 laudatam
978 3827 1161 3894 nominare
1170 3827 1312 3911 sufficit,
1324 3829 1495 3895 nonnulla
1505 3828 1552 3917 ad

376 3933 469 4000 hanc
481 3955 555 3999 rem
568 3934 780 4020 pertinentia
795 3943 951 4012 exstant;
968 3934 1188 4021 singularem
1205 3955 1347 4020 operam
1360 3933 1554 4002 imitationi

379 4040 590 4108 Homericae
603 4040 638 4106 in
652 4042 720 4108 hoc
733 4041 886 4107 carmine
896 4041 1118 4127 detegendae
1130 4050 1354 4109 navaverunt
1366 4040 1410 4110 G.
1424 4039 1518 4108 Futh
1529 4041 1554 4129 ¹)

486 4241 511 4320 ¹)
536 4241 574 4300 G.
596 4243 683 4312 Futh,
704 4242 752 4299 De
776 4241 932 4300 Theocriti
954 4249 1067 4316 poetae
1090 4242 1224 4300 bucolici
1249 4243 1353 4300 studiis
1369 4242 1557 4311 Homericis,

378 4332 447 4388 dise.
471 4331 540 4389 Hal.
567 4330 651 4391 1876
676 4351 705 4406 p.
729 4328 848 4390 9—12.
874 4327 1014 4390 19-21.
1037 4329 1177 4391 27-30.
1242 4420 1245 4425 Ι
